3000 4925
199 296 298 380 388.
533 312 654 380 FRlD.
675 313 783 380 AUG.
806 307 973 380 WOLFll

202 473 293 535 clesia
302 469 395 534 tiebat
403 487 458 552 per
470 471 597 534 scribam
606 473 783 554 publicum
823 475 892 544 Quo
902 474 995 545 iacto,
1008 493 1045 534 sn
1056 472 1304 554 priuatincertnm

202 566 293 643 enim)
307 566 567 628 Senatusconsulto
580 575 645 628 erat
664 585 749 646 opus,
770 567 795 626 ai
809 567 877 644 quis
894 567 1044 627 actionem
1056 567 1086 626 in
1100 566 1197 627 lorum
1212 566 1307 626 dedu·

205 677 271 720 cere
286 659 383 729 vellet,
399 667 430 718 et
443 658 590 738 Populum
605 679 719 739 rogere.
761 659 839 719 Nam
856 659 930 718 nihil
944 679 980 718 es
995 658 1146 720 veteribus
1164 658 1306 718 institutis

205 751 346 830 Reipubl.
367 751 406 812 ad
421 752 565 831 Populum
579 751 648 812 ferri
668 752 699 813 in
713 753 838 812 ecclesia
851 751 934 812 licuit
947 750 1186 831 ἀπροβούλευτον,
1205 751 1306 820 idest,

207 844 245 904 de
259 862 320 922 quo
332 863 392 903 non
412 853 498 905 antes
513 845 543 902 S.
563 843 599 906 C.
614 844 725 904 factum
738 853 840 904 essct.⁰
878 845 944 904 iam
968 851 1089 921 rogator
1107 844 1201 922 legem
1222 861 1305 903 auam

207 937 338 996 oratione
360 954 415 1014 pro
433 946 572 1016 suggestu
595 936 698 997 habita
720 935 876 1005 suadebat,
900 955 935 996 ac
954 935 979 994 si
1002 927 1167 1014 qua'simul
1191 941 1309 994 vetusta

207 1026 334 1088 delenda
347 1036 434 1100 esset,
449 1027 525 1088 hanc
540 1027 665 1106 primum
685 1035 719 1087 ut
732 1027 838 1087 vitiose
852 1027 954 1096 latam,
967 1037 1019 1088 aut
1032 1027 1186 1105 ceteroqui
1199 1026 1307 1086 malam

206 1119 323 1197 licique
337 1117 688 1196 publicaeincommodam
699 1118 881 1181 monstrabat
890 1117 981 1195 abjici
991 1118 1110 1190 debere,
1120 1138 1189 1178 mos
1198 1136 1307 1178 nomm

207 1221 312 1272 contra
325 1210 463 1290 ponebat,
479 1211 558 1270 omni
570 1230 626 1288 ope
640 1211 840 1288 prostantium
854 1211 921 1287 ejus
934 1209 1042 1270 docere
1055 1209 1198 1271 annisus.r
1226 1209 1307 1269 Dein

208 1303 376 1384 suffragium
390 1302 530 1374 inibatur,
544 1308 712 1382 χειροτονία.
740 1305 784 1362 At
796 1321 866 1362 sero
881 1301 946 1362 baro
956 1302 1043 1373 ratio,
1058 1302 1089 1360 in
1100 1301 1310 1381 psephismatis

208 1395 352 1458 faciendis
367 1389 505 1468 solennis,
518 1395 604 1473 plane
619 1396 784 1455 exoleverat
798 1401 932 1472 tempore
948 1393 1107 1454 Oratorum
1129 1397 1159 1454 in
1180 1393 1307 1472 legibus.

209 1487 459 1566 adjudicatum
473 1495 577 1547 vocata
591 1506 636 1547 res
647 1495 702 1558 est,
714 1486 775 1546 sire
787 1487 853 1563 quis
865 1495 994 1546 veterem
1008 1486 1104 1564 legem
1117 1506 1170 1546 seu
1185 1487 1309 1546 latorem

209 1579 379 1652 accusabat,
387 1580 448 1640 sire
459 1597 534 1638 noua
542 1577 771 1654 eratJubenda.⁸
795 1575 901 1654 Neque
910 1577 989 1637 enim
1001 1597 1060 1637 nno
1066 1577 1183 1656 judicio
1193 1587 1308 1637 utrum·

211 1691 270 1750 que
283 1671 399 1732 videtur
412 1669 522 1750 fuctum
533 1657 607 1731 esse.
648 1668 780 1730 Jubcudi
794 1675 893 1729 antem
906 1679 937 1729 et
949 1669 1125 1749 antiquandi
1146 1669 1310 1731 auctoritss

212 1765 338 1827 dabatur
350 1764 548 1837 Nomotbetis,
562 1765 603 1823 ita
616 1763 747 1842 quidem,
763 1769 805 1834 ut,
826 1761 973 1841 quidquid
992 1764 1033 1823 illi
1054 1765 1239 1841 probassent,
1255 1763 1309 1839 jus

213 1867 369 1937 ratumque
389 1840 638 1935 esset,'quidquid
651 1855 869 1934 repudiassent,
885 1856 967 1916 nulls
977 1857 1098 1918 daretur
1109 1856 1147 1917 ad
1163 1856 1311 1936 Populum

214 1949 396 2032 provocatio.
431 1949 517 2009 Sorte
531 1948 716 2008 ducebantur
727 1947 759 2006 bi
768 1946 889 2024 judices
900 1935 1074 2022 es'Heliaea,
1083 1957 1117 2010 ut
1130 1967 1250 2026 operam
1258 1947 1313 2025 ju·

215 2045 271 2104 rati
282 2050 432 2114 navarent,
447 2040 498 2101 sed
509 2050 652 2120 potestate
668 2039 906 2112 extraordinarie,
918 2040 1032 2120 quippe
1042 2035 1099 2100 neo
1108 2041 1184 2101 ultra
1194 2041 1225 2100 id
1239 2049 1313 2101 tem-

215 2135 295 2214 poris
306 2134 431 2204 valente,
441 2133 479 2193 ad
494 2132 576 2213 quod
591 2131 682 2193 creati
693 2140 801 2202 esseut,
817 2151 872 2191 nec
883 2131 941 2190 nisi
950 2132 989 2192 ad
1003 2153 1053 2192 eas
1066 2133 1156 2211 leges,
1168 2152 1241 2212 quas
1254 2134 1313 2193 Po·

215 2228 303 2308 pulus
317 2225 360 2286 eis
373 2223 600 2304 designassent*
643 2223 788 2294 Quoniam
802 2243 872 2282 sero
891 2223 1026 2284 institute
1043 2226 1184 2312 vetera'iu
1200 2225 1321 2297 univerq

217 2339 282 2381 sum
302 2319 378 2380 bene
400 2317 506 2377 babere
526 2315 716 2394 putabantur,
737 2317 806 2390 (nec
827 2314 972 2376 immerito
993 2316 1023 2375 in
1044 2317 1098 2375 tali
1120 2315 1259 2387 Civitate,
1281 2316 1314 2376 in

219 2433 280 2494 qua
299 2431 378 2491 sepe
397 2430 443 2471 res
457 2429 540 2472 πονοι
555 2407 687 2469 fraudem
706 2408 832 2487 tegunt)
846 2406 905 2489 legi
919 2408 1037 2489 cuique,
1054 2409 1084 2469 iu
1101 2408 1247 2486 judicium
1261 2408 1316 2470 ad·

218 2506 329 2576 ductae,
351 2503 483 2581 quinque
496 2501 549 2561 viri
567 2499 686 2578 publice
707 2500 824 2578 patroni
840 2499 999 2574 dabantur,
1013 2521 1088 2581 quos
1108 2501 1150 2559 illi
1172 2500 1317 2580 Spndicos

219 2595 425 2677 appellabant.¹
465 2594 490 2652 li
505 2592 589 2671 quasi
607 2591 789 2653 dissuasores
803 2592 925 2669 quidam
940 2601 1024 2653 erant
1037 2592 1110 2671 legis
1123 2612 1217 2666 nosse,
1231 2612 1318 2653 orna·

221 2740 250 2788 P.
267 2738 297 2787 Α.
309 2738 338 2786 Τ.
355 2737 376 2783 1.
385 2752 409 2798 p.
422 2738 478 2784 121.
512 2734 756 2797 Psopterreliqusbn
780 2734 884 2781 etiamin
901 2734 1102 2799 Olynthii-§.l
1135 2735 1317 2783 Βοηιιιιιιιιο-

221 2804 328 2851 notsnda
339 2812 392 2850 sunt
402 2800 544 2848 locutiones:
563 2798 622 2862 ripn
631 2798 758 2861 duygdqso
781 2812 832 2845 runa
848 2799 983 2847 constitisse
998 2801 1064 2855 clot,
1074 2816 1145 2861 supra
1155 2800 1216 2856 disi,
1224 2799 1317 2847 scilicet

224 2867 332 2922 sletsdss
370 2902 377 2926 ‚
396 2864 424 2919 sle
436 2861 517 2915 esras·
528 2864 680 2927 esgaypbpur
697 2863 759 2925 νόμον
782 2877 829 2910 uno
844 2878 915 2925 snper
926 2864 970 2911 clo
989 2866 1092 2926 adjecto,
1109 2880 1139 2912 ue
1155 2878 1255 2927 unqsaas
1271 2878 1313 2923 pa·

225 2882 391 2995 sipplsdli'ssr
409 2928 501 2993 πρόσθιι
510 2926 759 2989 τῦνἘπιιιύμοι,πςδς
782 2940 821 2972 res
843 2934 923 2974 maest
947 2928 1033 2976 calculi
1054 2929 1226 2991 suffragiorum.
1259 2927 1317 2975 Vid-

224 3000 275 3050 wic
297 2994 439 3059 Ἐπηύμους·
472 2992 598 3057 πομδοῦκι
620 2993 655 3053 τᾷ
684 3008 759 3055 ypap-
783 2990 890 3052 Petitp.
910 2994 965 3039 177.
998 2994 1123 3041 Astamen
1137 2993 1317 3070 omnitempore

228 3076 406 3172 pbndlamostb.
416 3122 461 3169 lo.
470 3120 515 3169 ἰιι
526 3120 618 3174 lucres
628 3120 687 3181 ὓμῦι
696 3118 759 3165 dani·
783 3061 924 3167 litteus-Ebrio
931 3056 1317 3182 lllldupdbbllillllllbol‘l'lbloblsldd

228 3208 272 3243 m
291 3188 538 3240 statueremus.
570 3186 618 3233 Sed
636 3184 662 3231 id
677 3184 759 3231 itssc·
784 3201 808 3246 p.
827 3187 885 3233 ⁷08.
904 3184 943 3231 ed.
965 3186 1005 3240 rt,
1023 3201 1070 3246 qno
1091 3201 1138 3233 uno
1156 3185 1195 3232 bio
1212 3186 1315 3232 nitiassr.

227 3252 320 3315 cepisse
335 3252 429 3299 ridetur
440 3250 563 3312 Ulpianus,
573 3256 600 3296 ut
615 3248 690 3310 prims
699 3246 760 3295 reci·
784 3248 845 3295 llam
863 3254 956 3295 constat
973 3250 1076 3305 omnino,
1088 3251 1182 3311 judices
1192 3265 1237 3311 pro
1248 3264 1318 3297 osus·

227 3317 285 3367 tat'to
312 3321 364 3362 ante
395 3314 600 3376 promulgationem
632 3312 694 3359 iacta
720 3312 761 3358 sit.
785 3327 862 3359 sarum
881 3313 1039 3374 magnitudine
1060 3330 1090 3361 ss
1111 3313 1317 3361 Heliaesdelectoa

228 3378 399 3442 Scripsitenlm
412 3378 456 3424 boo
472 3380 554 3425 modos
576 3376 762 3439 antumpn-
786 3376 919 3423 esssmodo
928 3377 1018 3438 plures,
1027 3379 1098 3424 modo
1107 3378 1238 3439 pauciores.
1270 3378 1318 3423 0r·

226 3442 425 3503 commatres,
436 3439 543 3489 lsrsrrs
554 3439 761 3503 undivanein
785 3439 888 3487 disarius
899 3442 1179 3490 nunemstntsccccc.
1213 3441 1260 3490 Sed
1271 3440 1317 3488 ds·

225 3510 304 3570 aseris
313 3506 348 3555 ris
356 3504 505 3570 γςιμμιιΐιι.
786 3504 897 3566 plicatum
906 3506 1027 3561 babemus,
1042 3522 1089 3553 uno
1103 3507 1160 3553 item
1179 3506 1281 3567 adiecto,
1291 3506 1317 3553 tn

262 3574 316 3621 ‘Au
328 3584 419 3631 semper
430 3571 474 3617 boc
482 3576 600 3617 serratum
611 3568 643 3616 sit
651 3568 675 3615 in
682 3568 762 3629 legum
786 3582 877 3624 mussa,
884 3584 936 3630 qna
948 3584 993 3617 non
1004 3572 1034 3617 sd
1045 3570 1111 3632 leges
1119 3572 1227 3631 pertinet,
1234 3569 1318 3617 inesd.

226 3639 323 3695 latione,
333 3637 445 3683 incertum
462 3645 497 3682 est
508 3634 584 3681 nobis.
617 3629 762 3681 Nibildeeo
787 3633 853 3680 Orat.
866 3648 890 3694 p.
907 3637 964 3681 702.
982 3635 1023 3682 ubi
1044 3651 1065 3680 r.
1082 3636 1161 3681 Sebol.
1195 3636 1225 3682 tu
1240 3633 1317 3694 tripli·

228 3704 254 3752 in
276 3704 341 3750 Orat.
369 3701 465 3746 Nostra.
496 3698 570 3744 Posui
589 3696 613 3744 id
633 3704 708 3744 tamm
730 3712 762 3743 ea
786 3700 897 3744 caturnin
910 3698 1026 3745 Dinarebo
1036 3700 1092 3745 ads.
1107 3699 1229 3746 Demostb.
1239 3714 1264 3759 p.
1274 3700 1316 3745 ts.

227 3770 353 3817 'Pimocrst
366 3779 389 3825 p.
407 3766 464 3811 ⁷15.
477 3777 512 3824 aq.
529 3764 567 3809 ed.
581 3762 611 3809 ll.
630 3762 685 3824 quia
699 3762 762 3808 bsud
786 3760 853 3809 Couf.
863 3762 979 3822 Harpocr.
989 3760 1142 3818 s.‘rsnuis,et
1150 3763 1236 3810 Pollux
1247 3762 1317 3810 Vlll.

229 3832 337 3881 dubi'ead
348 3828 476 3889 legitimum
488 3826 592 3873 ordinem
605 3826 724 3888 pertinuit.
787 3828 843 3874 128.
855 3836 880 3873 et
891 3829 948 3873 101.
979 3827 1033 3884 Quo
1047 3827 1172 3887 posteriori
1191 3828 1244 3874 loco
1261 3825 1319 3873 sim·

261 3892 334 3943 ‘Hoc
353 3893 500 3939 fundamento
515 3889 596 3939 nititur
611 3890 704 3953 partitio
719 3889 761 3936 bu·
786 3889 879 3951 pliciter
895 3889 1007 3937 traditus:
1027 3888 1147 3953 Ncpssdirss
1165 3886 1221 3939 less
1238 3887 1318 3956 χίλιοι.

230 3962 268 4007 'us
283 3956 401 4005 Orationis
425 3964 519 4003 nostrm.
551 3955 630 4002 Prima
648 3954 672 4002 in
693 3962 760 4015 parte
785 3956 819 4003 At
839 3954 860 4001 is
880 3961 943 4001 totns
961 3954 1029 4001 locus
1046 3970 1091 4002 non
1110 3965 1148 4003 est
1157 3954 1281 4015 eiusmodi,
1290 3962 1319 4001 st

226 3976 269 4073 las
282 4022 386 4083 Leptinis
398 4020 553 4081 impugnatur,
569 4016 650 4080 inquo
669 4025 706 4065 est
721 4033 761 4066 cs·
786 4032 841 4077 ¹ress
850 4026 875 4065 st
885 4025 950 4065 certs
959 4018 1012 4065 inde
1023 4019 1073 4079 peti
1081 4020 1178 4079 possint.

228 4094 272 4153 put
283 4097 385 4141 eanssm3
401 4084 423 4130 iu
443 4084 516 4130 altera
530 4090 596 4143 parte
614 4082 760 4130 sdversarius
816 4080 900 4129 ίΒειιο
920 4082 1015 4141 Ulpisn.
1035 4082 1063 4130 sd
1081 4083 1205 4131 Timocrat.
1242 4084 1318 4130 Ant.

229 4164 294 4203 susm
306 4146 412 4213 opponit,
423 4144 534 4208 indeed
544 4144 573 4194 a¹.
783 4146 814 4193 ad
834 4160 875 4193 rs.-
890 4146 920 4197 sle
938 4145 1049 4207 seduna.
1081 4148 1149 4201 κως,
1169 4146 1203 4195 t'n
1222 4098 1319 4201 danim

260 4212 430 4275 sQuiuctilisn.
444 4212 467 4259 1.
478 4213 508 4257 0.
527 4210 562 4257 ll.
581 4212 657 4257 433,
690 4208 760 4271 Apud
782 4206 837 4257 lm
853 4209 869 4255 cl
888 4208 981 4272 spingos
998 4211 1055 4272 ripn
1069 4214 1107 4259 sm*
1121 4210 1263 4273 altemirus,
1280 4210 1319 4256 ul

228 4282 316 4331 Grecos
335 4279 393 4325 lutor
409 4278 484 4339 legum
502 4275 532 4320 ud
546 4274 648 4335 jndicem
666 4274 759 4321 ooeata-
782 4270 856 4353 χορείᾳ
867 4277 908 4319 rin
921 4274 1024 4333 arpinas
1045 4274 1098 4337 ὑπὲρ
1111 4276 1181 4323 atriu
1200 4274 1319 4337 ὴιμίζηο

225 4358 281 4396 tur:
309 4340 415 4391 morenis
434 4354 474 4397 pro
496 4340 598 4385 corcione
619 4338 711 4385 sudden
730 4353 758 4385 sc
782 4340 930 4397 ιοοιφοῖλοι.
954 4340 1065 4399 idemque
1074 4342 1230 4401 panitopost:
1250 4337 1317 4385 nim

223 4408 351 4459 dissuadere
362 4404 427 4453 muris
434 4402 495 4465 sirit.
781 4400 854 4465 ἄνδρας
865 4400 1066 4450 necllum„
1082 4404 1159 4467 ripas
1173 4403 1320 4469 lxsqsss'sasrs·

252 4471 388 4535 linquitur
409 4468 439 4515 de
455 4468 491 4515 lais
503 4463 651 4515 Nomotbstis
669 4464 757 4513 Orator
781 4466 829 4515 Sed
840 4468 892 4523 boc,
904 4468 967 4528 qnod
979 4470 1117 4533 deseruero
1134 4471 1237 4517 virorem
1249 4467 1319 4524 dicit,
