3000 4925
578 347 943 421 ιιοιιιιιοιιιιιι.
1225 323 1309 415 367

211 511 324 574 arellius
343 515 388 572 rei
400 519 515 591 praeter
528 511 642 572 leudem
660 529 781 572 αιιιιιιι
794 511 882 590 plane
895 509 926 570 iu
940 507 1116 570 contrariam
1134 509 1308 571 seutentiam

213 604 369 666 deflectere
383 605 549 666 debuerint.
582 605 656 665 Sunt
669 605 744 666 eninr
762 605 827 663 baec
838 603 916 664 fere.

254 699 390 774 “Turpe
412 709 456 758 est
477 693 565 756 lidein
581 698 698 769 violare,
708 696 882 789 prasertim
904 694 1023 774 publice
1041 694 1153 766 damas,
1173 703 1204 755 et
1224 695 1253 754 in
1272 714 1309 756 ea

214 792 355 870 Republ,
376 808 436 868 qua
450 789 591 850 illustrior
603 789 682 850 nulla
702 809 831 867 unquam
844 787 902 848 fuit
920 786 1063 864 exemplis
1083 787 1263 848 liberalitatis
1277 797 1309 847 et

213 883 357 960 cujusque
378 901 527 960 generosae
541 882 668 952 virtutis,
683 901 751 960 quae
766 880 878 940 Civitas
893 879 997 958 glories
1010 898 1115 940 ιιιιιι
1134 879 1214 938 nudo
1235 887 1308 940 tem·

213 993 347 1052 porenec
361 974 505 1035 sumtibus
519 974 660 1052 pepercit,
676 991 774 1050 neque
788 972 827 1031 ad
838 971 1022 1031 atrocissima
1036 969 1167 1048 pericula
1180 973 1309 1050 expavit.

203 1067 366 1126 'Violamus
379 1073 476 1126 autem
490 1064 578 1126 fidem
594 1064 774 1144 gravissime,
790 1065 816 1123 si
829 1081 998 1124 revocamus
1012 1063 1142 1139 praemia,
1154 1083 1222 1140 quae
1237 1065 1320 1127 olim'

152 1232 155 1238 Ι
213 1157 357 1228 dedimus,
371 1157 560 1237 Populiscitis
582 1156 740 1229 sanximus,
759 1154 954 1235 insculpenda
973 1153 1118 1214 columnis
1134 1156 1307 1217 sumsimus.

214 1250 320 1328 ltaque
334 1251 358 1309 ei
373 1245 418 1309 vel
432 1251 555 1310 maxime
570 1249 736 1310 immunitas
752 1250 869 1310 sublata
879 1248 1018 1327 Reipubl.
1031 1267 1104 1326 opes
1118 1261 1248 1328 augeret,
1263 1261 1309 1312 ta·

214 1360 281 1402 men
301 1361 338 1400 ne
357 1341 400 1402 sic
414 1341 535 1419 quidem
552 1341 683 1419 Leptinis
697 1342 744 1401 lex
764 1341 889 1401 tenenda
901 1350 989 1400 esset.
1031 1341 1123 1400 Omni
1138 1341 1214 1400 enirn
1228 1361 1308 1402 conr·

213 1433 323 1511 pendio
334 1433 429 1510 majus
439 1434 644 1492 detrimentum
658 1431 765 1510 infligit
776 1453 813 1492 ea
823 1431 934 1492 numiui
945 1431 1058 1503 Attico,
1073 1440 1220 1511 notasque
1234 1435 1309 1495 inla-

215 1526 280 1584 miee
302 1525 390 1586 inurit
410 1525 506 1596 nobis,
529 1534 588 1585 tam
612 1526 742 1604 singulis,
762 1544 850 1602 quem
869 1525 1017 1584 universis.
1061 1528 1109 1585 Ac
1122 1535 1309 1588 monumenta

214 1617 272 1690 illa,
287 1619 396 1696 quibus
411 1616 486 1678 fides
500 1625 600 1678 nostm
610 1617 749 1695 inscripta
765 1625 820 1688 est,
830 1617 855 1676 si
869 1617 1029 1677 auctoritas
1040 1617 1074 1676 iis
1087 1617 1200 1696 integra
1214 1639 1310 1680 mane·

214 1709 267 1781 bit,
283 1719 469 1772 monumenta
483 1711 569 1770 nobis
584 1719 670 1772 erunt
688 1709 825 1788 praeclari
845 1710 933 1770 moris
946 1709 1078 1786 publici:
1099 1710 1143 1770 sin
1158 1720 1255 1772 autem
1269 1745 1309 1768 -s

214 1803 314 1864 eudem
327 1802 705 1873 illiberalitatem,invidiam
713 1810 745 1860 et
754 1800 971 1879 improbitatem
981 1809 1111 1878 nostram
1119 1802 1200 1881 apud
1209 1823 1310 1867 omnes

216 1897 346 1956 homines
361 1894 576 1956 testabuntur.”

254 1993 275 2024 ‘¹
291 1987 351 2046 Sed
372 1986 435 2046 lese
447 1985 656 2064 compendium
669 1995 724 2059 est,
736 1987 818 2066 qnod
832 1994 914 2048 tanta
928 1987 1031 2048 fraude
1051 1996 1232 2049 commutare
1245 2009 1309 2050 suse

215 2081 350 2140 sinemus.
415 2075 513 2136 Multo
537 2086 605 2138 sunt
632 2078 799 2157 panciores,
824 2096 912 2155 quam
941 2079 1081 2156 Leptines
1105 2089 1201 2157 putat,
1223 2100 1309 2159 quos²

216 2171 338 2250 prrcmio
351 2169 403 2229 illo
424 2168 523 2230 adbuc
540 2187 618 2243 usos,
633 2170 664 2229 in
676 2177 827 2249 posterum
847 2170 885 2228 ad
906 2188 1026 2229 munera
1041 2171 1178 2231 obeunda
1191 2172 1310 2251 adigere

216 2265 312 2324 liceat.
353 2261 524 2322 Ditissimus
538 2263 663 2341 quisque
677 2260 755 2322 enim
770 2261 942 2321 trierarcbia
960 2269 991 2320 et
1008 2260 1127 2322 tributis
1140 2263 1253 2322 bellicis
1265 2263 1309 2324 la·

215 2355 328 2416 ciendis
342 2353 516 2416 distinetur:
537 2362 569 2415 st
583 2354 613 2414 bi
628 2354 666 2414 de
681 2362 780 2414 vetere
793 2372 874 2413 more
893 2352 1062 2412 solennibus
1076 2354 1245 2414 muneribus
1259 2375 1310 2418 ιι·

216 2455 295 2508 cant.
336 2447 447 2525 Inopes
463 2466 534 2507 vero
554 2446 682 2527 inopiam
707 2465 790 2505 suam
810 2444 921 2506 babent
939 2443 1072 2504 ultimum
1093 2453 1125 2505 et
1136 2445 1310 2509 acerrimum

215 2543 318 2616 telum,
331 2561 392 2621 quo
406 2562 437 2601 se
451 2560 556 2602 anora
565 2542 628 2621 lege
639 2542 811 2603 defendant
848 2541 898 2600 Sic
911 2538 1005 2599 relicti
1019 2539 1106 2600 nobis
1119 2551 1190 2601 sunt
1202 2542 1310 2603 mediae

216 2634 302 2695 sortis
315 2634 455 2707 homines,
469 2635 521 2711 qni
535 2652 655 2694 numero
673 2635 761 2713 pauci
782 2642 860 2693 sunt.
902 2634 1003 2710 Atque
1016 2631 1136 2693 omnino
1150 2634 1203 2712 qui
1215 2654 1252 2695 ex
1266 2636 1312 2697 ci·

217 2726 490 2788 vibusimmunitate
505 2726 650 2800 fruuntur,
662 2726 682 2785 ii
696 2737 766 2787 snut
776 2727 824 2785 rix
837 2724 969 2804 quinque
980 2724 1027 2784 sel
1040 2744 1109 2795 sex:
1123 2733 1154 2786 et
1167 2746 1205 2787 ιι
1214 2726 1312 2806 iuqui÷

216 2819 294 2892 linis,
307 2818 345 2878 ad
364 2838 508 2879 summum
522 2820 650 2879 decem.b
690 2820 749 2878 Sed
771 2818 886 2889 sumite,
899 2837 936 2876 ex
955 2825 1082 2893 utraque
1095 2818 1189 2879 classe
1201 2819 1313 2882 confici

216 2930 303 2989 posse
315 2911 442 2991 triginta.
484 2911 566 2980 Quid
581 2905 656 2971 leicri
671 2912 749 2972 eritl
763 2918 815 2969 aut
829 2908 1003 2986 quantulum
1017 2908 1172 2969 levamenti
1181 2911 1312 2971 tantulus

218 3022 354 3063 numerus
366 3002 547 3065 multitudini
562 3012 705 3083 praestare
720 3000 850 3081 poterit?
868 3000 1032 3080 praesertim
1047 3018 1139 3078 quum
1152 3000 1218 3061 illos
1231 3022 1269 3063 nc
1281 3003 1314 3068 in

218 3095 349 3174 singulos
361 3095 485 3173 quidem
499 3115 591 3156 annos
603 3095 760 3169 lucremur,
774 3093 827 3154 sed
840 3093 1003 3154 nniverse.''

258 3193 277 3223 “
292 3188 435 3264 Respubl.
455 3186 549 3247 nibilu
567 3186 602 3247 fit
614 3187 783 3266 opulentior
801 3184 1035 3246 immunitatibus
1054 3182 1201 3245 tollendis.
1242 3185 1314 3246 Non

217 3280 294 3341 enirn
318 3280 453 3338 cerarium
477 3279 603 3340 attinent
626 3279 777 3358 impensae,
803 3296 872 3355 quse
897 3277 928 3335 iu
952 3276 1083 3337 solennia
1106 3295 1227 3337 munera
1250 3276 1316 3350 fieri

217 3374 324 3434 solent.
365 3368 469 3440 Quidt
489 3372 581 3449 quod,
595 3371 620 3430 si
640 3370 692 3449 qui
706 3390 743 3431 ex
762 3368 945 3430 immunitate
958 3367 1016 3429 sibi
1029 3367 1145 3429 divitias
1164 3380 1316 3447 pararant,
1397 3404 1405 3419 ·

219 3486 256 3527 ea
279 3484 327 3525 res
348 3463 437 3525 etiam
458 3463 488 3523 in
509 3463 698 3523 commodum
720 3462 801 3524 cedit
825 3461 975 3540 Reipubl,
994 3460 1145 3540 quoniam,
1168 3462 1315 3541 quidquid

217 3558 293 3619 lucri
308 3556 451 3629 lecerunt,
465 3554 503 3615 ad
525 3554 566 3615 rei
580 3553 697 3615 bellicae
711 3556 901 3615 necessitates
919 3552 1056 3615 conferre
1070 3564 1193 3632 queunt.
1228 3556 1316 3617 Adeo

126 3704 133 3719 .
218 3672 255 3713 ex
274 3652 332 3711 boc
346 3650 427 3710 dono
441 3647 585 3727 Respubl.
602 3646 674 3708 nibil
689 3646 790 3707 damni
801 3644 959 3719 contrabit,
970 3654 1004 3705 ut
1017 3646 1083 3723 ipsa
1095 3646 1168 3707 inde
1178 3665 1317 3726 magnum

220 3744 351 3803 fructum
364 3742 517 3820 percipere
532 3740 626 3800 rideri
635 3738 773 3800 debeat-’⁹

259 3839 340 3894 “llt
359 3834 445 3893 multi
466 3839 534 3893 sunt
553 3831 675 3909 indigni.
717 3830 827 3892 Audin.
867 3831 925 3889 Sed
945 3830 1190 3909 primumdipuus
1208 3788 1316 3910 aliquis

220 3928 259 3989 sit
270 3926 351 3987 dono
362 3933 474 3999 nostro,
489 3942 530 3983 an
542 3924 647 3995 minus,
662 3940 741 3983 nunc
754 3941 822 3983 sero
835 3924 995 4001 quadran
1009 3923 1202 4000 quaerendum
1216 3927 1246 3985 id
1260 3928 1316 3987 luit

220 4032 292 4093 tum,
308 4036 399 4099 quum
414 4016 542 4094 quisque
555 4013 732 4075 donabatur.
774 4014 850 4074 Nanr
864 4013 1020 4091 prudentis
1033 4023 1088 4087 est,
1102 4015 1175 4075 nibil
1195 4019 1315 4082 omnino

158 4129 160 4133 ·
220 4115 301 4185 dare,
316 4110 400 4191 quud
413 4109 482 4169 olim
495 4107 639 4187 pmnitere
654 4108 768 4187 possin
779 4105 987 4167 inconsiderati
997 4126 1034 4167 ac
1047 4108 1175 4188 maligni,
1188 4128 1233 4183 ea,
1248 4130 1332 4193 quar

221 4206 311 4269 semel
321 4203 446 4276 dederit,
461 4202 523 4263 sine
537 4220 642 4281 magna
660 4218 765 4261 caussa
775 4207 919 4278 repetere.
959 4198 1075 4261 Deinde
1088 4200 1183 4281 ipsam
1198 4202 1265 4276 boc,
1278 4222 1317 4263 an

254 4376 424 4433 bDebitsmu
396 4372 709 4449 arserlroeccomptstiose
650 4371 807 4421 seDrnc-ia
812 4370 1034 4484 iieqpcdsinepns
1003 4370 1116 4419 naicibns
1118 4370 1319 4425 risnsbnbebetb·

223 4442 288 4487 ιιιιι
289 4410 603 4494 ιιιοιιιιῐιιιιωιιι
615 4436 724 4484 ιιιιιιι
726 4438 933 4497 ιι-ιιιιιιιιι
1001 4434 1233 4496 metamucense
1234 4434 1306 4480 constr

221 4504 276 4555 ιιι
309 4503 812 4566 smntpmonrismuqunmsr
786 4508 915 4550 numne·
916 4450 1319 4560 ,utililas-tremissam
