3000 4925
474 629 637 714 rain.
671 625 1065 736 AUG.WOLF11

381 989 1157 1098 DEMOSTHENIS

461 1236 755 1304 ORATIONEM
787 1233 1077 1302 LEPTINEAM

558 1445 979 1521 PROLEGOMENA.

219 1683 301 1698 --
314 1645 381 1707 Est·
395 1645 537 1726 Leptinen
553 1646 641 1726 qujua
656 1646 898 1728 [Demosthenis]
910 1666 946 1706 ex
967 1663 1075 1724 genere
1089 1643 1243 1723 quietiore,
1257 1647 1323 1702 tota

220 1739 399 1800 inducendo
414 1739 506 1819 magia
518 1759 606 1818 quam
621 1740 650 1800 in
661 1739 865 1820 permovendo
879 1739 1013 1799 auditore
1022 1747 1180 1816 occupata,
1190 1753 1246 1796 neo
1256 1753 1321 1796 eam

219 1833 278 1892 uiua
289 1841 321 1893 et
331 1831 526 1912 granditatem
538 1833 650 1893 habena
662 1833 819 1893 verborum
833 1852 871 1892 ao
882 1831 1103 1902 sententiarum,
1113 1849 1202 1909 quam
1211 1827 1327 1889 inl'lai·

220 1925 336 2004 lippiois
359 1925 483 2003 alliaque
508 1925 658 1986 nonnuliis
682 1926 880 1996 admirentur:
899 1923 980 1986 uude
998 1923 1060 1984 l'crc
1073 1923 1323 1986 Demosthenicur

219 2019 375 2078 character
395 2019 536 2078 constitui
551 2019 650 2079 solet·
690 2019 748 2078 llic
763 2020 851 2090 lenia,
866 2017 1029 2091 summurn,
1042 2016 1198 2078 enucleata
1210 2017 1321 2091 omnia,

220 2111 359 2189 aeqnabill
374 2110 503 2189 quodam
518 2119 629 2170 tenore.
671 2111 730 2170 Sed
745 2110 823 2170 enim
839 2111 898 2170 lroc
908 2111 955 2169 rel
966 2129 1113 2170 annmnm
1122 2117 1170 2169 ert
1182 2110 1321 2169 oratoriar

220 2203 379 2274 facultatis,
401 2221 499 2274 nonae,
514 2202 666 2282 quomodo
687 2221 741 2281 pro
759 2201 900 2262 uarietate
914 2218 1011 2262 rernm
1023 2201 1062 2262 ad
1077 2200 1237 2261 dicendum
1251 2219 1323 2278 pro.

220 2294 382 2374 positarum
401 2295 486 2355 stilus
507 2293 663 2355 variandus
684 2295 733 2367 rit,
753 2313 801 2367 ne,
822 2294 875 2354 ubi
887 2293 1092 2356 vehementem
1113 2302 1145 2353 et
1165 2293 1321 2354 incitatum

220 2395 404 2469 rasponum,
429 2387 595 2460 summinio,
623 2405 697 2448 neve
725 2396 830 2448 eontra
856 2389 936 2447 elato
963 2387 1063 2452 utaris.
1103 2387 1201 2455 Quum
1226 2394 1322 2448 amatu

220 2498 308 2541 nemo
322 2497 451 2559 unquam
466 2481 570 2541 melina
588 2482 693 2543 calluit
705 2480 833 2543 Oratore
851 2490 964 2554 nostro,
980 2501 1073 2561 quern
1088 2482 1155 2561 quin
1169 2491 1251 2543 rento
1264 2482 1325 2546 ltao

221 2592 279 2635 nna
297 2575 335 2635 de
356 2594 460 2635 canaan
480 2576 585 2636 ceteris
606 2576 751 2650 omnibus,
770 2596 847 2656 quoa
860 2584 891 2636 ct
905 2595 1017 2656 enppar
1035 2586 1066 2637 et
1085 2578 1233 2656 posterior
1246 2585 1320 2637 uotae

220 2667 357 2747 protudit,
373 2670 613 2748 anteponendum
633 2678 728 2748 putet.
769 2668 816 2729 lta
835 2670 884 2730 ille
899 2670 929 2729 in
950 2668 1097 2730 nonnullis
1116 2670 1322 2744 Orationibus,

219 2780 294 2839 quas
309 2762 339 2821 in
353 2762 496 2821 cauaaulis
510 2763 691 2842 privatorum
714 2762 842 2842 ecripnit,
862 2782 980 2843 preeunt
1001 2772 1048 2823 eat
1065 2772 1097 2823 et
1116 2763 1223 2836 tenuia,
1237 2762 1279 2824 ita
1292 2764 1323 2823 in

220 2853 395 2932 Philippicis
419 2854 569 2934 copiosus,
590 2854 687 2934 gravia
709 2864 740 2915 et
761 2856 985 2935 grandiloquus,
1005 2854 1054 2914 vir
1077 2865 1112 2915 ut
1133 2856 1164 2915 in
1186 2857 1323 2934 utrinqne

220 2946 342 3006 cundem
356 2964 474 3006 manum
488 2946 656 3026 agnoscar.l
697 2946 757 3007 Sed
770 2947 816 3007 laia
830 2946 948 3007 duobus
963 2946 1120 3027 generibus
1133 2947 1322 3025 interjectum

219 3038 338 3099 tertium
353 3048 397 3100 est
411 3038 586 3099 Orationuna
601 3056 712 3111 earum,
728 3040 837 3118 quibua
858 3040 899 3101 ab
921 3058 957 3099 eo
979 3040 1061 3119 loger
1078 3049 1129 3100 aut
1142 3040 1322 3119 populiscitu

219 3133 439 3213 impugnantur,
454 3151 517 3211 prae
533 3133 641 3191 ceteris
655 3130 729 3192 illud
740 3132 804 3211 jam
818 3133 858 3192 ab
872 3132 1002 3211 antiquis
1017 3132 1161 3211 magietda
1173 3150 1323 3193 commen-

218 3226 343 3287 datum.e
374 3225 501 3285 Excellit
513 3226 545 3286 in
560 3244 596 3284 ec
610 3224 756 3305 imprimis
770 3225 877 3285 nobilia
892 3225 943 3288 illa
955 3225 994 3287 de
1009 3225 1138 3298 Corona,
1152 3245 1323 3305 quanquam

218 3316 368 3397 grantfiori
382 3314 482 3397 genui
495 3317 629 3397 propior.
658 3318 829 3378 Secundum
844 3336 943 3396 quana,
956 3318 1035 3378 lraud
1044 3318 1117 3390 acio,
1128 3338 1165 3378 an
1178 3318 1321 3398 Leptinen

218 3418 318 3471 nostra
330 3409 463 3490 proxima
476 3409 616 3489 ponenda
627 3409 674 3471 ait.
710 3410 801 3471 Certe
814 3430 882 3490 quae
895 3419 965 3470 sunt
978 3430 1013 3469 er
1025 3410 1128 3471 eadem
1141 3412 1235 3472 classe
1247 3412 1322 3473 Ora-

217 3504 323 3577 tiones,
344 3513 446 3565 contra
464 3502 689 3576 Androtionern,
709 3504 935 3576 Aristocraten,
953 3504 1161 3578 Timocratem,
1175 3504 1322 3583 Aristogi-

217 3604 327 3670 tounm,
343 3596 447 3658 harum
461 3605 589 3677 quatuor
600 3596 679 3657 nulla
693 3605 749 3669 eat,
765 3614 833 3675 quac
849 3603 959 3655 nostra
974 3594 1114 3681 anteferri
1127 3596 1248 3675 debeat,
1261 3614 1323 3659 uua

218 3688 413 3762 Androtiana,
428 3708 497 3767 quac
509 3708 577 3749 cum
587 3708 624 3749 ca
637 3688 675 3749 dc
688 3690 757 3751 loco
770 3688 950 3749 contendere
964 3686 1069 3765 poerit.

257 3780 327 3840 Non
342 3800 399 3860 ego
417 3780 525 3852 omnia,
541 3799 608 3859 quae
623 3780 652 3840 in
673 3800 708 3841 ea
729 3781 860 3861 placent,
876 3780 935 3839 lruo
949 3798 1115 3858 congeram,
1129 3782 1320 3859 praemonebo

218 3882 327 3944 umen,
341 3872 450 3950 quibua
464 3872 589 3933 maxime
602 3872 691 3933 rebus
702 3873 875 3952 praestantia
887 3871 967 3931 illius
976 3880 1130 3934 cernatur:
1142 3874 1173 3933 iu
1187 3894 1247 3953 quo
1260 3896 1322 3938 nou

218 3976 279 4027 tam
299 3965 372 4025 meir
388 3974 463 4038 utar,
478 3983 566 4047 quam
581 3972 711 4031 veterum
720 3964 856 4042 judiciis.
889 3966 935 4023 Ac
948 3966 1074 4044 primum
1089 3965 1208 4043 quidem
1223 3968 1321 4048 ipsum

218 4078 311 4139 genua
326 4058 447 4121 dicendi
461 4066 573 4121 tantam
587 4057 679 4121 habet
695 4058 900 4133 subtilitatem,
920 4058 967 4117 vix
981 4066 1015 4119 ut
1028 4056 1167 4136 majorem
1187 4082 1321 4142 usquam,

251 4226 321 4273 ιῙιιι
348 4233 403 4273 uota
419 4240 450 4273 ιιι
466 4226 581 4289 longino,
599 4226 758 4289 imprimirq'nc
784 4227 904 4276 Halicda
919 4228 944 4275 vi
956 4227 1050 4276 dicandi
1060 4228 1084 4276 in
1095 4230 1250 4293 Damnatiop.
1261 4233 1319 4278 9⁷4.

218 4291 379 4353 Hermogene,
391 4299 416 4339 ct
430 4293 534 4340 Auctore
543 4293 659 4341 ltaollid
672 4294 730 4341 Blo'c
701 4308 759 4341 ocn-
783 4308 849 4357 raqq.
859 4294 889 4344 l*
893 4294 945 4340 vl.
956 4294 1039 4341 licini.
1050 4293 1109 4343 edit.

217 4353 290 4403 tione.
322 4356 484 4405 canoniam
505 4358 704 4407 roouuntGraaci
714 4356 758 4421 pl·
836 4358 903 4406 'lieo
922 4358 1050 4421 Progyrau.
1120 4359 1145 4407 5.
1166 4357 1242 4406 Baril.
1263 4358 1322 4405 odit.

218 4418 460 4481 μθιιιιιὶὴνὸιιῦ.
783 4366 1252 4486 mammonapudvat'nueu,
1262 4417 1325 4474 Ιιιῐς

251 4483 438 4546 *tummim
453 4494 590 4537 nmmmt
600 4502 660 4535 ιιιιιιο
646 4486 758 4536 nullin-
782 4487 943 4602 neglegam
918 4486 1051 4551 reloolel
978 4486 1125 4551 Μνμιπς
1137 4486 1321 4549 mestraim

218 4553 305 4605 tono,
315 4550 487 4613 uomodillger
488 4552 616 4615 nunqua
628 4552 759 4615 Diouyalur
782 4552 841 4614 alre
884 4550 1190 4616 ἠπιιςὶιιιφίιινιι
1166 4558 1224 4599 τι

254 4628 313 4663 νυοὶ.
326 4628 355 4663 li
