<?xml version="1.0" encoding="UTF-8"?>
<!DOCTYPE html PUBLIC "-//W3C//DTD XHTML 1.0 Transitional//EN"
    "http://www.w3.org/TR/xhtml1/DTD/xhtml1-transitional.dtd">
<html xmlns="http://www.w3.org/1999/xhtml" xml:lang="en" lang="en">
 <head>
  <title>
</title>
<meta http-equiv="Content-Type" content="text/html;charset=utf-8" />
  <meta name='ocr-system' content='tesseract 3.04.00' />
  <meta name='ocr-capabilities' content='ocr_page ocr_carea ocr_par ocr_line ocrx_word'/>
</head>
<body>
  <div class='ocr_page' id='page_1' title='image "./demosthenisetsc02ulpigoog_0382.png"; bbox 0 0 3000 4925; ppageno 0'>
   <div class='ocr_carea' id='block_1_1' title="bbox 196 299 964 392">
    <p class='ocr_par' dir='ltr' id='par_1_1' title="bbox 196 299 964 392">
     <span class='ocr_line' id='line_1_1' title="bbox 196 299 964 392; baseline 0.004 -6"><span class='ocrx_word' id='word_1_1' title='bbox 196 299 281 386; x_wconf 76' lang='lat'>368</span> <span class='ocrx_word' id='word_1_2' title='bbox 521 323 642 391; x_wconf 72' lang='lat' dir='ltr'>ento.</span> <span class='ocrx_word' id='word_1_3' title='bbox 666 325 775 390; x_wconf 78' lang='lat' dir='ltr'>nuo.</span> <span class='ocrx_word' id='word_1_4' title='bbox 796 323 964 392; x_wconf 80' lang='lat' dir='ltr'>wonnn</span> 
     </span>
    </p>
   </div>
   <div class='ocr_carea' id='block_1_2' title="bbox 201 441 1300 567">
    <p class='ocr_par' dir='ltr' id='par_1_2' title="bbox 201 441 1300 567">
     <span class='ocr_line' id='line_1_2' title="bbox 201 441 1300 567; baseline 0.004 -21"><span class='ocrx_word' id='word_1_5' title='bbox 201 485 268 566; x_wconf 82' lang='lat' dir='ltr'>quin</span> <span class='ocrx_word' id='word_1_6' title='bbox 281 441 387 566; x_wconf 73' lang='lat' dir='ltr'>dignun</span> <span class='ocrx_word' id='word_1_7' title='bbox 400 464 526 566; x_wconf 70' lang='lat' dir='ltr'>pre-o</span> <span class='ocrx_word' id='word_1_8' title='bbox 537 485 585 561; x_wconf 84' lang='lat' dir='ltr'>eit,</span> <span class='ocrx_word' id='word_1_9' title='bbox 599 485 719 567; x_wconf 84' lang='lat' dir='ltr'>publice</span> <span class='ocrx_word' id='word_1_10' title='bbox 734 505 820 548; x_wconf 82' lang='lat' dir='ltr'>eeeue</span> <span class='ocrx_word' id='word_1_11' title='bbox 836 484 1042 563; x_wconf 77' lang='lat' dir='ltr'>judicandum,</span> <span class='ocrx_word' id='word_1_12' title='bbox 1055 503 1144 564; x_wconf 82' lang='lat' dir='ltr'>quen</span> <span class='ocrx_word' id='word_1_13' title='bbox 1160 487 1300 566; x_wconf 78' lang='lat' dir='ltr'>privatin</span> 
     </span>
    </p>
   </div>
   <div class='ocr_carea' id='block_1_3' title="bbox 64 577 1299 658">
    <p class='ocr_par' dir='ltr' id='par_1_3' title="bbox 64 577 1299 658">
     <span class='ocr_line' id='line_1_3' title="bbox 64 577 1299 658; baseline 0.002 -18"><span class='ocrx_word' id='word_1_14' title='bbox 64 619 74 640; x_wconf 86' lang='grc'><strong>.</strong></span> <span class='ocrx_word' id='word_1_15' title='bbox 200 579 230 639; x_wconf 95' lang='lat' dir='ltr'>in</span> <span class='ocrx_word' id='word_1_16' title='bbox 244 579 392 639; x_wconf 80' lang='lat' dir='ltr'>communi</span> <span class='ocrx_word' id='word_1_17' title='bbox 406 579 467 640; x_wconf 83' lang='lat' dir='ltr'>vito</span> <span class='ocrx_word' id='word_1_18' title='bbox 482 578 567 643; x_wconf 79' lang='lat' dir='ltr'>eolet.</span> <span class='ocrx_word' id='word_1_19' title='bbox 609 578 722 658; x_wconf 76' lang='lat' dir='ltr'>Siquis</span> <span class='ocrx_word' id='word_1_20' title='bbox 736 579 814 640; x_wconf 83' lang='lat' dir='ltr'>enim</span> <span class='ocrx_word' id='word_1_21' title='bbox 829 577 951 640; x_wconf 81' lang='lat' dir='ltr'>eiviuti</span> <span class='ocrx_word' id='word_1_22' title='bbox 967 595 1020 638; x_wconf 82' lang='lat' dir='ltr'>ruo</span> <span class='ocrx_word' id='word_1_23' title='bbox 1034 596 1125 657; x_wconf 81' lang='lat' dir='ltr'>opere</span> <span class='ocrx_word' id='word_1_24' title='bbox 1144 579 1299 643; x_wconf 72' lang='lat' dir='ltr'><strong>utilitatem</strong></span> 
     </span>
    </p>
   </div>
   <div class='ocr_carea' id='block_1_4' title="bbox 131 669 1300 3338">
    <p class='ocr_par' dir='ltr' id='par_1_4' title="bbox 131 669 1300 3338">
     <span class='ocr_line' id='line_1_4' title="bbox 198 669 1300 750; baseline 0.003 -20"><span class='ocrx_word' id='word_1_25' title='bbox 198 671 244 732; x_wconf 84' lang='lat' dir='ltr'>rel</span> <span class='ocrx_word' id='word_1_26' title='bbox 258 671 383 730; x_wconf 81' lang='lat' dir='ltr'>enlutem</span> <span class='ocrx_word' id='word_1_27' title='bbox 397 671 506 744; x_wconf 82' lang='lat' dir='ltr'>nttnlit,</span> <span class='ocrx_word' id='word_1_28' title='bbox 520 672 559 731; x_wconf 82' lang='lat' dir='ltr'>eit</span> <span class='ocrx_word' id='word_1_29' title='bbox 573 670 620 730; x_wconf 86' lang='lat' dir='ltr'>ille</span> <span class='ocrx_word' id='word_1_30' title='bbox 640 669 791 750; x_wconf 71' lang='lat' dir='ltr'>ignobilis,</span> <span class='ocrx_word' id='word_1_31' title='bbox 808 671 847 730; x_wconf 82' lang='lat' dir='ltr'>eit</span> <span class='ocrx_word' id='word_1_32' title='bbox 865 678 963 732; x_wconf 78' lang='lat' dir='ltr'>cetero</span> <span class='ocrx_word' id='word_1_33' title='bbox 984 669 1118 739; x_wconf 84' lang='lat' dir='ltr'>ritioeur,</span> <span class='ocrx_word' id='word_1_34' title='bbox 1133 679 1231 731; x_wconf 84' lang='lat' dir='ltr'>temen</span> <span class='ocrx_word' id='word_1_35' title='bbox 1247 689 1300 750; x_wconf 91' lang='lat' dir='ltr'>pu-</span> 
     </span>
     <span class='ocr_line' id='line_1_5' title="bbox 199 761 1300 841; baseline 0 -17"><span class='ocrx_word' id='word_1_36' title='bbox 199 764 276 824; x_wconf 76' lang='lat' dir='ltr'>blice</span> <span class='ocrx_word' id='word_1_37' title='bbox 297 763 354 841; x_wconf 86' lang='lat' dir='ltr'>ipei</span> <span class='ocrx_word' id='word_1_38' title='bbox 379 764 519 824; x_wconf 85' lang='lat' dir='ltr'>honoret</span> <span class='ocrx_word' id='word_1_39' title='bbox 542 763 738 824; x_wconf 73' lang='lat' dir='ltr'>remuneratio</span> <span class='ocrx_word' id='word_1_40' title='bbox 756 761 891 822; x_wconf 85' lang='lat' dir='ltr'>debetur.</span> <span class='ocrx_word' id='word_1_41' title='bbox 933 762 1027 822; x_wconf 78' lang='lat' dir='ltr'>Pecto</span> <span class='ocrx_word' id='word_1_42' title='bbox 1046 762 1175 822; x_wconf 85' lang='lat' dir='ltr'>hominis</span> <span class='ocrx_word' id='word_1_43' title='bbox 1189 783 1300 824; x_wconf 78' lang='lat' dir='ltr'>mercer</span> 
     </span>
     <span class='ocr_line' id='line_1_6' title="bbox 199 855 1300 933; baseline -0.001 -17"><span class='ocrx_word' id='word_1_44' title='bbox 199 857 342 929; x_wconf 79' lang='lat' dir='ltr'>redditur,</span> <span class='ocrx_word' id='word_1_45' title='bbox 361 875 421 916; x_wconf 89' lang='lat' dir='ltr'>non</span> <span class='ocrx_word' id='word_1_46' title='bbox 434 857 512 930; x_wconf 83' lang='lat' dir='ltr'>vitre,</span> <span class='ocrx_word' id='word_1_47' title='bbox 525 875 588 915; x_wconf 93' lang='lat' dir='ltr'>non</span> <span class='ocrx_word' id='word_1_48' title='bbox 605 855 748 916; x_wconf 78' lang='lat' dir='ltr'>moribus.</span> <span class='ocrx_word' id='word_1_49' title='bbox 792 856 942 915; x_wconf 74' lang='lat' dir='ltr'>Preteren</span> <span class='ocrx_word' id='word_1_50' title='bbox 961 874 1016 932; x_wconf 89' lang='lat' dir='ltr'>per</span> <span class='ocrx_word' id='word_1_51' title='bbox 1034 874 1067 914; x_wconf 84' lang='lat' dir='ltr'>ee</span> <span class='ocrx_word' id='word_1_52' title='bbox 1085 855 1228 933; x_wconf 74' lang='lat' dir='ltr'>injuntum</span> <span class='ocrx_word' id='word_1_53' title='bbox 1243 866 1300 929; x_wconf 85' lang='lat' dir='ltr'>ert,</span> 
     </span>
     <span class='ocr_line' id='line_1_7' title="bbox 199 946 1299 1028; baseline 0 -20"><span class='ocrx_word' id='word_1_54' title='bbox 199 957 319 1028; x_wconf 88' lang='lat' dir='ltr'>propter</span> <span class='ocrx_word' id='word_1_55' title='bbox 331 949 422 1010; x_wconf 77' lang='lat' dir='ltr'>melos</span> <span class='ocrx_word' id='word_1_56' title='bbox 435 947 580 1026; x_wconf 74' lang='lat' dir='ltr'>quosdam</span> <span class='ocrx_word' id='word_1_57' title='bbox 605 957 657 1008; x_wconf 82' lang='lat' dir='ltr'>rut</span> <span class='ocrx_word' id='word_1_58' title='bbox 679 947 827 1026; x_wconf 78' lang='lat' dir='ltr'>indignor,</span> <span class='ocrx_word' id='word_1_59' title='bbox 847 947 1026 1024; x_wconf 71' lang='lat' dir='ltr'>quibuscum</span> <span class='ocrx_word' id='word_1_60' title='bbox 1040 946 1158 1022; x_wconf 82' lang='lat' dir='ltr'>judicio</span> <span class='ocrx_word' id='word_1_61' title='bbox 1170 948 1299 1027; x_wconf 78' lang='lat' dir='ltr'>experiri</span> 
     </span>
     <span class='ocr_line' id='line_1_8' title="bbox 198 1040 1298 1120; baseline 0 -20"><span class='ocrx_word' id='word_1_62' title='bbox 198 1042 279 1114; x_wconf 86' lang='lat' dir='ltr'>lieet,</span> <span class='ocrx_word' id='word_1_63' title='bbox 294 1043 417 1120; x_wconf 66' lang='lat' dir='ltr'>premio</span> <span class='ocrx_word' id='word_1_64' title='bbox 430 1041 566 1101; x_wconf 76' lang='lat' dir='ltr'>omnibus</span> <span class='ocrx_word' id='word_1_65' title='bbox 579 1041 704 1114; x_wconf 75' lang='lat' dir='ltr'>auterre,</span> <span class='ocrx_word' id='word_1_66' title='bbox 719 1049 750 1100; x_wconf 89' lang='lat' dir='ltr'>et</span> <span class='ocrx_word' id='word_1_67' title='bbox 770 1040 806 1099; x_wconf 81' lang='lat' dir='ltr'>iie</span> <span class='ocrx_word' id='word_1_68' title='bbox 825 1058 957 1117; x_wconf 87' lang='lat' dir='ltr'>quoque,</span> <span class='ocrx_word' id='word_1_69' title='bbox 978 1059 1054 1117; x_wconf 83' lang='lat' dir='ltr'>quoe</span> <span class='ocrx_word' id='word_1_70' title='bbox 1071 1040 1153 1099; x_wconf 84' lang='lat' dir='ltr'>onrni</span> <span class='ocrx_word' id='word_1_71' title='bbox 1165 1058 1203 1100; x_wconf 84' lang='lat' dir='ltr'>er</span> <span class='ocrx_word' id='word_1_72' title='bbox 1215 1049 1298 1120; x_wconf 80' lang='lat' dir='ltr'>porte</span> 
     </span>
     <span class='ocr_line' id='line_1_9' title="bbox 200 1131 1299 1212; baseline -0.004 -17"><span class='ocrx_word' id='word_1_73' title='bbox 200 1133 385 1212; x_wconf 76' lang='lat' dir='ltr'>dignissimos</span> <span class='ocrx_word' id='word_1_74' title='bbox 399 1153 463 1194; x_wconf 81' lang='lat' dir='ltr'>eree</span> <span class='ocrx_word' id='word_1_75' title='bbox 477 1153 563 1194; x_wconf 83' lang='lat' dir='ltr'>nemo</span> <span class='ocrx_word' id='word_1_76' title='bbox 577 1133 699 1211; x_wconf 73' lang='lat' dir='ltr'>negarit.</span> <span class='ocrx_word' id='word_1_77' title='bbox 740 1132 829 1192; x_wconf 74' lang='lat' dir='ltr'>Tales</span> <span class='ocrx_word' id='word_1_78' title='bbox 848 1141 948 1192; x_wconf 82' lang='lat' dir='ltr'>nutem</span> <span class='ocrx_word' id='word_1_79' title='bbox 961 1132 1039 1192; x_wconf 88' lang='lat' dir='ltr'>inter</span> <span class='ocrx_word' id='word_1_80' title='bbox 1052 1150 1115 1201; x_wconf 80' lang='lat' dir='ltr'>eor,</span> <span class='ocrx_word' id='word_1_81' title='bbox 1130 1131 1183 1209; x_wconf 89' lang='lat' dir='ltr'>qui</span> <span class='ocrx_word' id='word_1_82' title='bbox 1196 1133 1299 1192; x_wconf 84' lang='lat' dir='ltr'>imeru-</span> 
     </span>
     <span class='ocr_line' id='line_1_10' title="bbox 198 1224 1299 1306; baseline 0 -20"><span class='ocrx_word' id='word_1_83' title='bbox 198 1227 317 1288; x_wconf 82' lang='lat' dir='ltr'>nitaten</span> <span class='ocrx_word' id='word_1_84' title='bbox 331 1227 454 1306; x_wconf 80' lang='lat' dir='ltr'>Leptine</span> <span class='ocrx_word' id='word_1_85' title='bbox 467 1227 651 1299; x_wconf 79' lang='lat' dir='ltr'>fraudantur,</span> <span class='ocrx_word' id='word_1_86' title='bbox 665 1227 765 1303; x_wconf 84' lang='lat' dir='ltr'>plurer</span> <span class='ocrx_word' id='word_1_87' title='bbox 781 1233 860 1296; x_wconf 84' lang='lat' dir='ltr'>eunt,</span> <span class='ocrx_word' id='word_1_88' title='bbox 876 1245 931 1285; x_wconf 78' lang='lat' dir='ltr'>eeu</span> <span class='ocrx_word' id='word_1_89' title='bbox 945 1224 1014 1284; x_wconf 84' lang='lat' dir='ltr'>olim</span> <span class='ocrx_word' id='word_1_90' title='bbox 1028 1224 1068 1285; x_wconf 90' lang='lat' dir='ltr'>de</span> <span class='ocrx_word' id='word_1_91' title='bbox 1081 1225 1213 1303; x_wconf 80' lang='lat' dir='ltr'>Republ.</span> <span class='ocrx_word' id='word_1_92' title='bbox 1224 1245 1299 1304; x_wconf 80' lang='lat' dir='ltr'>pne-</span> 
     </span>
     <span class='ocr_line' id='line_1_11' title="bbox 200 1316 1299 1394; baseline 0 -16"><span class='ocrx_word' id='word_1_93' title='bbox 200 1318 279 1378; x_wconf 84' lang='lat' dir='ltr'>olere</span> <span class='ocrx_word' id='word_1_94' title='bbox 288 1320 395 1393; x_wconf 86' lang='lat' dir='ltr'>meriti,</span> <span class='ocrx_word' id='word_1_95' title='bbox 407 1339 457 1384; x_wconf 83' lang='lat' dir='ltr'>eeu</span> <span class='ocrx_word' id='word_1_96' title='bbox 473 1319 560 1386; x_wconf 82' lang='lat' dir='ltr'>etiarn</span> <span class='ocrx_word' id='word_1_97' title='bbox 576 1336 654 1378; x_wconf 86' lang='lat' dir='ltr'>nune</span> <span class='ocrx_word' id='word_1_98' title='bbox 669 1326 824 1380; x_wconf 72' lang='lat' dir='ltr'>merentes.</span> <span class='ocrx_word' id='word_1_99' title='bbox 866 1318 943 1378; x_wconf 77' lang='lat' dir='ltr'>Nem</span> <span class='ocrx_word' id='word_1_100' title='bbox 957 1316 1040 1394; x_wconf 86' lang='lat' dir='ltr'>quod</span> <span class='ocrx_word' id='word_1_101' title='bbox 1054 1318 1299 1388; x_wconf 80' lang='lat' dir='ltr'>nonnulliexnu·</span> 
     </span>
     <span class='ocr_line' id='line_1_12' title="bbox 199 1401 1298 1488; baseline 0.001 -16"><span class='ocrx_word' id='word_1_102' title='bbox 199 1401 280 1472; x_wconf 76' lang='lat' dir='ltr'>me&#39;to</span> <span class='ocrx_word' id='word_1_103' title='bbox 294 1412 480 1488; x_wconf 81' lang='lat' dir='ltr'>illorumjnrn</span> <span class='ocrx_word' id='word_1_104' title='bbox 495 1431 555 1472; x_wconf 88' lang='lat' dir='ltr'>non</span> <span class='ocrx_word' id='word_1_105' title='bbox 566 1413 683 1484; x_wconf 81' lang='lat' dir='ltr'>vivunt,</span> <span class='ocrx_word' id='word_1_106' title='bbox 692 1411 765 1471; x_wconf 88' lang='lat' dir='ltr'>nihil</span> <span class='ocrx_word' id='word_1_107' title='bbox 777 1410 808 1471; x_wconf 95' lang='lat' dir='ltr'>id</span> <span class='ocrx_word' id='word_1_108' title='bbox 819 1418 949 1472; x_wconf 77' lang='lat' dir='ltr'>noetrm</span> <span class='ocrx_word' id='word_1_109' title='bbox 960 1411 1054 1472; x_wconf 80' lang='lat' dir='ltr'>tidem</span> <span class='ocrx_word' id='word_1_110' title='bbox 1063 1421 1177 1479; x_wconf 72' lang='lat' dir='ltr'>moure</span> <span class='ocrx_word' id='word_1_111' title='bbox 1187 1420 1298 1488; x_wconf 77' lang='lat' dir='ltr'>potent.</span> 
     </span>
     <span class='ocr_line' id='line_1_13' title="bbox 197 1503 1300 1582; baseline -0.005 -14"><span class='ocrx_word' id='word_1_112' title='bbox 197 1505 313 1568; x_wconf 86' lang='lat' dir='ltr'>Vivunt</span> <span class='ocrx_word' id='word_1_113' title='bbox 324 1525 427 1566; x_wconf 88' lang='lat' dir='ltr'>eorum</span> <span class='ocrx_word' id='word_1_114' title='bbox 439 1505 522 1564; x_wconf 87' lang='lat' dir='ltr'>liberi</span> <span class='ocrx_word' id='word_1_115' title='bbox 531 1513 582 1564; x_wconf 84' lang='lat' dir='ltr'>ent</span> <span class='ocrx_word' id='word_1_116' title='bbox 593 1505 713 1581; x_wconf 76' lang='lat' dir='ltr'>posteri,</span> <span class='ocrx_word' id='word_1_117' title='bbox 725 1504 834 1581; x_wconf 74' lang='lat' dir='ltr'>quibus</span> <span class='ocrx_word' id='word_1_118' title='bbox 846 1523 914 1582; x_wconf 80' lang='lat' dir='ltr'>quoe</span> <span class='ocrx_word' id='word_1_119' title='bbox 924 1523 943 1575; x_wconf 75' lang='lat' dir='ltr'>n</span> <span class='ocrx_word' id='word_1_120' title='bbox 955 1503 1042 1567; x_wconf 73' lang='lat' dir='ltr'>nobie</span> <span class='ocrx_word' id='word_1_121' title='bbox 1054 1503 1168 1580; x_wconf 77' lang='lat' dir='ltr'>injurio</span> <span class='ocrx_word' id='word_1_122' title='bbox 1176 1503 1300 1581; x_wconf 86' lang='lat' dir='ltr'>inponi·</span> 
     </span>
     <span class='ocr_line' id='line_1_14' title="bbox 198 1596 1298 1676; baseline -0.005 -16"><span class='ocrx_word' id='word_1_123' title='bbox 198 1609 256 1674; x_wconf 94' lang='lat' dir='ltr'>tur,</span> <span class='ocrx_word' id='word_1_124' title='bbox 276 1617 311 1658; x_wconf 84' lang='lat' dir='ltr'>ee</span> <span class='ocrx_word' id='word_1_125' title='bbox 325 1618 383 1660; x_wconf 92' lang='lat' dir='ltr'>non</span> <span class='ocrx_word' id='word_1_126' title='bbox 397 1599 435 1657; x_wconf 85' lang='lat' dir='ltr'>nd</span> <span class='ocrx_word' id='word_1_127' title='bbox 458 1598 511 1657; x_wconf 84' lang='lat' dir='ltr'>hoe</span> <span class='ocrx_word' id='word_1_128' title='bbox 533 1597 638 1670; x_wconf 81' lang='lat' dir='ltr'>minus,</span> <span class='ocrx_word' id='word_1_129' title='bbox 653 1615 741 1674; x_wconf 79' lang='lat' dir='ltr'>quarn</span> <span class='ocrx_word' id='word_1_130' title='bbox 756 1596 795 1656; x_wconf 80' lang='lat' dir='ltr'>ed</span> <span class='ocrx_word' id='word_1_131' title='bbox 816 1596 898 1676; x_wconf 78' lang='lat' dir='ltr'>iprpr</span> <span class='ocrx_word' id='word_1_132' title='bbox 911 1605 1058 1674; x_wconf 71' lang='lat' dir='ltr'>ponntee,</span> <span class='ocrx_word' id='word_1_133' title='bbox 1079 1596 1231 1675; x_wconf 75' lang='lat' dir='ltr'>pervenire</span> <span class='ocrx_word' id='word_1_134' title='bbox 1244 1615 1298 1674; x_wconf 89' lang='lat' dir='ltr'>pn·</span> 
     </span>
     <span class='ocr_line' id='line_1_15' title="bbox 196 1687 1299 1768; baseline -0.006 -14"><span class='ocrx_word' id='word_1_135' title='bbox 196 1691 288 1754; x_wconf 79' lang='lat' dir='ltr'>tonde</span> <span class='ocrx_word' id='word_1_136' title='bbox 300 1701 354 1752; x_wconf 82' lang='lat' dir='ltr'>eet.</span> <span class='ocrx_word' id='word_1_137' title='bbox 394 1693 441 1750; x_wconf 81' lang='lat' dir='ltr'>lta</span> <span class='ocrx_word' id='word_1_138' title='bbox 455 1691 512 1750; x_wconf 83' lang='lat' dir='ltr'>ieto</span> <span class='ocrx_word' id='word_1_139' title='bbox 526 1690 590 1768; x_wconf 85' lang='lat' dir='ltr'>lege</span> <span class='ocrx_word' id='word_1_140' title='bbox 604 1688 712 1766; x_wconf 84' lang='lat' dir='ltr'>injurie</span> <span class='ocrx_word' id='word_1_141' title='bbox 725 1687 894 1750; x_wconf 78' lang='lat' dir='ltr'>efficiuntur</span> <span class='ocrx_word' id='word_1_142' title='bbox 905 1688 961 1750; x_wconf 83' lang='lat' dir='ltr'>riri</span> <span class='ocrx_word' id='word_1_143' title='bbox 979 1707 1092 1751; x_wconf 76' lang='lat' dir='ltr'>eumne</span> <span class='ocrx_word' id='word_1_144' title='bbox 1110 1688 1203 1766; x_wconf 76' lang='lat' dir='ltr'>glorie</span> <span class='ocrx_word' id='word_1_145' title='bbox 1214 1689 1299 1748; x_wconf 87' lang='lat' dir='ltr'>meri·</span> 
     </span>
     <span class='ocr_line' id='line_1_16' title="bbox 197 1780 1297 1861; baseline -0.004 -16"><span class='ocrx_word' id='word_1_146' title='bbox 197 1793 294 1846; x_wconf 86' lang='lat' dir='ltr'>torum</span> <span class='ocrx_word' id='word_1_147' title='bbox 305 1783 412 1856; x_wconf 84' lang='lat' dir='ltr'>eleri,n</span> <span class='ocrx_word' id='word_1_148' title='bbox 424 1783 533 1861; x_wconf 81' lang='lat' dir='ltr'>quibus</span> <span class='ocrx_word' id='word_1_149' title='bbox 548 1781 714 1841; x_wconf 83' lang='lat' dir='ltr'>restitutum</span> <span class='ocrx_word' id='word_1_150' title='bbox 727 1789 759 1839; x_wconf 88' lang='lat' dir='ltr'>et</span> <span class='ocrx_word' id='word_1_151' title='bbox 767 1789 888 1839; x_wconf 81' lang='lat' dir='ltr'>oueturn</span> <span class='ocrx_word' id='word_1_152' title='bbox 901 1781 1055 1859; x_wconf 73' lang='lat' dir='ltr'>insigniter</span> <span class='ocrx_word' id='word_1_153' title='bbox 1067 1781 1125 1841; x_wconf 84' lang='lat' dir='ltr'>hoo</span> <span class='ocrx_word' id='word_1_154' title='bbox 1140 1780 1297 1859; x_wconf 77' lang='lat' dir='ltr'>imperium</span> 
     </span>
     <span class='ocr_line' id='line_1_17' title="bbox 198 1871 1299 1950; baseline -0.003 -14"><span class='ocrx_word' id='word_1_155' title='bbox 198 1883 264 1936; x_wconf 83' lang='lat' dir='ltr'>ert:</span> <span class='ocrx_word' id='word_1_156' title='bbox 288 1876 318 1935; x_wconf 92' lang='lat' dir='ltr'>in</span> <span class='ocrx_word' id='word_1_157' title='bbox 335 1875 383 1934; x_wconf 85' lang='lat' dir='ltr'>his</span> <span class='ocrx_word' id='word_1_158' title='bbox 398 1875 513 1944; x_wconf 90' lang='lat' dir='ltr'>Conon,</span> <span class='ocrx_word' id='word_1_159' title='bbox 529 1873 607 1932; x_wconf 78' lang='lat' dir='ltr'>haud</span> <span class='ocrx_word' id='word_1_160' title='bbox 622 1873 717 1932; x_wconf 89' lang='lat' dir='ltr'>minor</span> <span class='ocrx_word' id='word_1_161' title='bbox 735 1871 802 1950; x_wconf 84' lang='lat' dir='ltr'>ipro</span> <span class='ocrx_word' id='word_1_162' title='bbox 813 1871 1025 1942; x_wconf 77' lang='lat' dir='ltr'>Themistocle,</span> <span class='ocrx_word' id='word_1_163' title='bbox 1039 1882 1072 1932; x_wconf 90' lang='lat' dir='ltr'>et</span> <span class='ocrx_word' id='word_1_164' title='bbox 1083 1873 1239 1945; x_wconf 69' lang='lat' dir='ltr'>Chabriou,</span> <span class='ocrx_word' id='word_1_165' title='bbox 1252 1881 1299 1933; x_wconf 91' lang='lat' dir='ltr'>tot</span> 
     </span>
     <span class='ocr_line' id='line_1_18' title="bbox 199 1962 1296 2046; baseline -0.004 -18"><span class='ocrx_word' id='word_1_166' title='bbox 199 1975 380 2046; x_wconf 77' lang='lat' dir='ltr'>tropaeorum</span> <span class='ocrx_word' id='word_1_167' title='bbox 394 1967 432 2026; x_wconf 86' lang='lat' dir='ltr'>de</span> <span class='ocrx_word' id='word_1_168' title='bbox 454 1965 589 2025; x_wconf 80' lang='lat' dir='ltr'>hortibus</span> <span class='ocrx_word' id='word_1_169' title='bbox 611 1965 717 2024; x_wconf 72' lang='lat' dir='ltr'>nostrin</span> <span class='ocrx_word' id='word_1_170' title='bbox 737 1971 852 2036; x_wconf 86' lang='lat' dir='ltr'>nuotor,</span> <span class='ocrx_word' id='word_1_171' title='bbox 865 1964 927 2024; x_wconf 87' lang='lat' dir='ltr'>dux</span> <span class='ocrx_word' id='word_1_172' title='bbox 940 1962 1136 2036; x_wconf 81' lang='lat' dir='ltr'>felicieeirnne,</span> <span class='ocrx_word' id='word_1_173' title='bbox 1149 1974 1181 2024; x_wconf 88' lang='lat' dir='ltr'>et</span> <span class='ocrx_word' id='word_1_174' title='bbox 1193 1965 1296 2024; x_wconf 80' lang='lat' dir='ltr'>elienae</span> 
     </span>
     <span class='ocr_line' id='line_1_19' title="bbox 196 2054 1296 2139; baseline -0.005 -18"><span class='ocrx_word' id='word_1_175' title='bbox 196 2060 266 2122; x_wconf 73' lang='lat' dir='ltr'>vitre</span> <span class='ocrx_word' id='word_1_176' title='bbox 293 2061 324 2120; x_wconf 91' lang='lat' dir='ltr'>in</span> <span class='ocrx_word' id='word_1_177' title='bbox 347 2061 485 2139; x_wconf 79' lang='lat' dir='ltr'>perieulis</span> <span class='ocrx_word' id='word_1_178' title='bbox 508 2057 660 2139; x_wconf 81' lang='lat' dir='ltr'>providus,</span> <span class='ocrx_word' id='word_1_179' title='bbox 685 2056 765 2116; x_wconf 86' lang='lat' dir='ltr'>idern</span> <span class='ocrx_word' id='word_1_180' title='bbox 789 2073 856 2116; x_wconf 76' lang='lat' dir='ltr'>euael</span> <span class='ocrx_word' id='word_1_181' title='bbox 874 2054 1017 2135; x_wconf 72' lang='lat' dir='ltr'>prodigus</span> <span class='ocrx_word' id='word_1_182' title='bbox 1037 2055 1178 2132; x_wconf 76' lang='lat' dir='ltr'>gloriose.</span> <span class='ocrx_word' id='word_1_183' title='bbox 1216 2057 1296 2117; x_wconf 81' lang='lat' dir='ltr'>Turn</span> 
     </span>
     <span class='ocr_line' id='line_1_20' title="bbox 197 2143 1297 2230; baseline -0.001 -16"><span class='ocrx_word' id='word_1_184' title='bbox 197 2152 286 2214; x_wconf 82' lang='lat' dir='ltr'>etium</span> <span class='ocrx_word' id='word_1_185' title='bbox 300 2171 358 2212; x_wconf 92' lang='lat' dir='ltr'>non</span> <span class='ocrx_word' id='word_1_186' title='bbox 371 2151 489 2225; x_wconf 78' lang='lat' dir='ltr'>derunt,</span> <span class='ocrx_word' id='word_1_187' title='bbox 503 2150 611 2230; x_wconf 80' lang='lat' dir='ltr'>quibus</span> <span class='ocrx_word' id='word_1_188' title='bbox 625 2170 719 2230; x_wconf 87' lang='lat' dir='ltr'>nuper</span> <span class='ocrx_word' id='word_1_189' title='bbox 730 2143 850 2210; x_wconf 83' lang='lat' dir='ltr'>demum</span> <span class='ocrx_word' id='word_1_190' title='bbox 864 2150 1032 2211; x_wconf 74' lang='lat' dir='ltr'>immuniter</span> <span class='ocrx_word' id='word_1_191' title='bbox 1042 2151 1135 2230; x_wconf 75' lang='lat' dir='ltr'>eupit</span> <span class='ocrx_word' id='word_1_192' title='bbox 1145 2151 1297 2214; x_wconf 71' lang='lat' dir='ltr'>struem</span> 
     </span>
     <span class='ocr_line' id='line_1_21' title="bbox 197 2241 1297 2322; baseline -0.001 -16"><span class='ocrx_word' id='word_1_193' title='bbox 197 2244 272 2318; x_wconf 87' lang='lat' dir='ltr'>lieri,</span> <span class='ocrx_word' id='word_1_194' title='bbox 287 2245 408 2322; x_wconf 78' lang='lat' dir='ltr'>quando</span> <span class='ocrx_word' id='word_1_195' title='bbox 421 2244 542 2317; x_wconf 84' lang='lat' dir='ltr'>donum,</span> <span class='ocrx_word' id='word_1_196' title='bbox 556 2241 690 2322; x_wconf 74' lang='lat' dir='ltr'>patribus</span> <span class='ocrx_word' id='word_1_197' title='bbox 704 2241 775 2302; x_wconf 87' lang='lat' dir='ltr'>olirn</span> <span class='ocrx_word' id='word_1_198' title='bbox 786 2243 915 2303; x_wconf 62' lang='lat' dir='ltr'>nonoris</span> <span class='ocrx_word' id='word_1_199' title='bbox 928 2261 1000 2321; x_wconf 78' lang='lat' dir='ltr'>ergo</span> <span class='ocrx_word' id='word_1_200' title='bbox 1012 2243 1126 2316; x_wconf 73' lang='lat' dir='ltr'>dutum,</span> <span class='ocrx_word' id='word_1_201' title='bbox 1140 2254 1220 2306; x_wconf 83' lang='lat' dir='ltr'>rorte</span> <span class='ocrx_word' id='word_1_202' title='bbox 1232 2261 1297 2306; x_wconf 81' lang='lat' dir='ltr'>mu-</span> 
     </span>
     <span class='ocr_line' id='line_1_22' title="bbox 196 2335 1295 2414; baseline 0 -16"><span class='ocrx_word' id='word_1_203' title='bbox 196 2346 269 2412; x_wconf 79' lang='lat' dir='ltr'>tntn,</span> <span class='ocrx_word' id='word_1_204' title='bbox 283 2339 321 2398; x_wconf 84' lang='lat' dir='ltr'>nd</span> <span class='ocrx_word' id='word_1_205' title='bbox 336 2338 424 2398; x_wconf 79' lang='lat' dir='ltr'>vitum</span> <span class='ocrx_word' id='word_1_206' title='bbox 434 2335 627 2396; x_wconf 77' lang='lat' dir='ltr'>‘tolerandum</span> <span class='ocrx_word' id='word_1_207' title='bbox 642 2335 755 2396; x_wconf 79' lang='lat' dir='ltr'>fretum</span> <span class='ocrx_word' id='word_1_208' title='bbox 772 2344 819 2395; x_wconf 81' lang='lat' dir='ltr'>eet</span> <span class='ocrx_word' id='word_1_209' title='bbox 838 2336 1044 2398; x_wconf 71' lang='lat' dir='ltr'>neceesarium.</span> <span class='ocrx_word' id='word_1_210' title='bbox 1086 2337 1226 2414; x_wconf 90' lang='lat' dir='ltr'>Denique</span> <span class='ocrx_word' id='word_1_211' title='bbox 1238 2347 1295 2410; x_wconf 77' lang='lat' dir='ltr'>eet,</span> 
     </span>
     <span class='ocr_line' id='line_1_23' title="bbox 196 2419 1296 2511; baseline 0.002 -20"><span class='ocrx_word' id='word_1_212' title='bbox 196 2431 248 2509; x_wconf 88' lang='lat' dir='ltr'>qui</span> <span class='ocrx_word' id='word_1_213' title='bbox 261 2419 334 2491; x_wconf 80' lang='lat' dir='ltr'>¹rivit</span> <span class='ocrx_word' id='word_1_214' title='bbox 353 2429 461 2503; x_wconf 86' lang='lat' dir='ltr'>ndhue,</span> <span class='ocrx_word' id='word_1_215' title='bbox 480 2439 511 2490; x_wconf 88' lang='lat' dir='ltr'>et</span> <span class='ocrx_word' id='word_1_216' title='bbox 530 2445 623 2507; x_wconf 86' lang='lat' dir='ltr'>prope</span> <span class='ocrx_word' id='word_1_217' title='bbox 642 2427 725 2489; x_wconf 88' lang='lat' dir='ltr'>videt</span> <span class='ocrx_word' id='word_1_218' title='bbox 738 2447 785 2503; x_wconf 83' lang='lat' dir='ltr'>eo,</span> <span class='ocrx_word' id='word_1_219' title='bbox 806 2447 874 2508; x_wconf 75' lang='lat' dir='ltr'>que</span> <span class='ocrx_word' id='word_1_220' title='bbox 892 2429 1015 2509; x_wconf 55' lang='lat' dir='ltr'>murus,</span> <span class='ocrx_word' id='word_1_221' title='bbox 1033 2429 1148 2505; x_wconf 87' lang='lat' dir='ltr'>Leueo,</span> <span class='ocrx_word' id='word_1_222' title='bbox 1168 2431 1296 2511; x_wconf 72' lang='lat' dir='ltr'>Bospori</span> 
     </span>
     <span class='ocr_line' id='line_1_24' title="bbox 196 2520 1297 2603; baseline 0.004 -20"><span class='ocrx_word' id='word_1_223' title='bbox 196 2540 259 2592; x_wconf 78' lang='lat' dir='ltr'>rex,</span> <span class='ocrx_word' id='word_1_224' title='bbox 271 2523 358 2601; x_wconf 84' lang='lat' dir='ltr'>onjue</span> <span class='ocrx_word' id='word_1_225' title='bbox 371 2521 400 2579; x_wconf 92' lang='lat' dir='ltr'>in</span> <span class='ocrx_word' id='word_1_226' title='bbox 415 2520 569 2598; x_wconf 82' lang='lat' dir='ltr'>Rempnbl</span> <span class='ocrx_word' id='word_1_227' title='bbox 585 2526 713 2581; x_wconf 84' lang='lat' dir='ltr'>noetrnm</span> <span class='ocrx_word' id='word_1_228' title='bbox 729 2521 855 2581; x_wconf 80' lang='lat' dir='ltr'>mnximn</span> <span class='ocrx_word' id='word_1_229' title='bbox 866 2522 970 2583; x_wconf 80' lang='lat' dir='ltr'>merito</span> <span class='ocrx_word' id='word_1_230' title='bbox 979 2531 1097 2585; x_wconf 72' lang='lat' dir='ltr'>exstent</span> <span class='ocrx_word' id='word_1_231' title='bbox 1106 2530 1138 2583; x_wconf 90' lang='lat' dir='ltr'>et</span> <span class='ocrx_word' id='word_1_232' title='bbox 1151 2532 1297 2603; x_wconf 79' lang='lat' dir='ltr'>nugentur</span> 
     </span>
     <span class='ocr_line' id='line_1_25' title="bbox 131 2612 1295 2695; baseline 0.003 -22"><span class='ocrx_word' id='word_1_233' title='bbox 131 2680 136 2689; x_wconf 25' lang='grc' dir='ltr'>ι</span> <span class='ocrx_word' id='word_1_234' title='bbox 195 2614 226 2673; x_wconf 89' lang='lat' dir='ltr'>iu</span> <span class='ocrx_word' id='word_1_235' title='bbox 239 2613 312 2673; x_wconf 83' lang='lat' dir='ltr'>dier.</span> <span class='ocrx_word' id='word_1_236' title='bbox 352 2613 446 2686; x_wconf 85' lang='lat' dir='ltr'>Quid,</span> <span class='ocrx_word' id='word_1_237' title='bbox 460 2613 484 2671; x_wconf 81' lang='lat' dir='ltr'>ei</span> <span class='ocrx_word' id='word_1_238' title='bbox 499 2612 557 2685; x_wconf 89' lang='lat' dir='ltr'>ille,</span> <span class='ocrx_word' id='word_1_239' title='bbox 570 2631 662 2690; x_wconf 87' lang='lat' dir='ltr'>quum</span> <span class='ocrx_word' id='word_1_240' title='bbox 682 2612 807 2673; x_wconf 73' lang='lat' dir='ltr'>frnotarn</span> <span class='ocrx_word' id='word_1_241' title='bbox 822 2634 841 2675; x_wconf 78' lang='lat' dir='ltr'>n</span> <span class='ocrx_word' id='word_1_242' title='bbox 859 2614 947 2675; x_wconf 79' lang='lat' dir='ltr'>nobie</span> <span class='ocrx_word' id='word_1_243' title='bbox 968 2613 1059 2677; x_wconf 83' lang='lat' dir='ltr'>fidem</span> <span class='ocrx_word' id='word_1_244' title='bbox 1074 2614 1295 2695; x_wconf 73' lang='lat' dir='ltr'>redierit,&#39;ipre</span> 
     </span>
     <span class='ocr_line' id='line_1_26' title="bbox 172 2704 1295 2787; baseline 0.006 -23"><span class='ocrx_word' id='word_1_245' title='bbox 172 2735 177 2745; x_wconf 92' lang='lat'>·</span> <span class='ocrx_word' id='word_1_246' title='bbox 198 2722 280 2765; x_wconf 82' lang='lat' dir='ltr'>enum</span> <span class='ocrx_word' id='word_1_247' title='bbox 292 2722 411 2783; x_wconf 86' lang='lat' dir='ltr'>quoque</span> <span class='ocrx_word' id='word_1_248' title='bbox 422 2704 544 2765; x_wconf 81' lang='lat' dir='ltr'>liberum</span> <span class='ocrx_word' id='word_1_249' title='bbox 559 2705 698 2784; x_wconf 77' lang='lat' dir='ltr'>puubirt</span> <span class='ocrx_word' id='word_1_250' title='bbox 718 2706 811 2777; x_wconf 83' lang='lat' dir='ltr'>Quid,</span> <span class='ocrx_word' id='word_1_251' title='bbox 820 2707 846 2765; x_wconf 81' lang='lat' dir='ltr'>ri</span> <span class='ocrx_word' id='word_1_252' title='bbox 859 2706 1083 2782; x_wconf 64' lang='lat' dir='ltr'>immndtntenr,</span> <span class='ocrx_word' id='word_1_253' title='bbox 1097 2708 1205 2783; x_wconf 73' lang='lat' dir='ltr'>stetin,</span> <span class='ocrx_word' id='word_1_254' title='bbox 1218 2727 1295 2787; x_wconf 77' lang='lat' dir='ltr'>quo·</span> 
     </span>
     <span class='ocr_line' id='line_1_27' title="bbox 194 2796 919 2871; baseline -0.003 -8"><span class='ocrx_word' id='word_1_255' title='bbox 194 2816 259 2863; x_wconf 79' lang='lat' dir='ltr'>run</span> <span class='ocrx_word' id='word_1_256' title='bbox 273 2816 345 2859; x_wconf 79' lang='lat' dir='ltr'>nene</span> <span class='ocrx_word' id='word_1_257' title='bbox 358 2797 444 2859; x_wconf 83' lang='lat' dir='ltr'>nobie</span> <span class='ocrx_word' id='word_1_258' title='bbox 457 2796 640 2859; x_wconf 72' lang='lat' dir='ltr'>necessarior</span> <span class='ocrx_word' id='word_1_259' title='bbox 654 2807 710 2871; x_wconf 85' lang='lat' dir='ltr'>eet,</span> <span class='ocrx_word' id='word_1_260' title='bbox 723 2799 919 2861; x_wconf 82' lang='lat' dir='ltr'>reroenbitl”</span> 
     </span>
     <span class='ocr_line' id='line_1_28' title="bbox 236 2890 1295 2973; baseline 0.005 -22"><span class='ocrx_word' id='word_1_261' title='bbox 236 2898 256 2927; x_wconf 83' lang='lat'>⁴⁴</span> <span class='ocrx_word' id='word_1_262' title='bbox 271 2892 403 2971; x_wconf 78' lang='lat' dir='ltr'>Populus</span> <span class='ocrx_word' id='word_1_263' title='bbox 418 2890 507 2969; x_wconf 77' lang='lat' dir='ltr'>liujus</span> <span class='ocrx_word' id='word_1_264' title='bbox 520 2891 592 2951; x_wconf 89' lang='lat' dir='ltr'>doni</span> <span class='ocrx_word' id='word_1_265' title='bbox 612 2890 763 2953; x_wconf 84' lang='lat' dir='ltr'>tn&#39;buendi</span> <span class='ocrx_word' id='word_1_266' title='bbox 775 2891 830 2969; x_wconf 86' lang='lat' dir='ltr'>jue</span> <span class='ocrx_word' id='word_1_267' title='bbox 842 2892 901 2953; x_wconf 83' lang='lat' dir='ltr'>eibi</span> <span class='ocrx_word' id='word_1_268' title='bbox 917 2892 1097 2955; x_wconf 83' lang='lat' dir='ltr'>interdicere</span> <span class='ocrx_word' id='word_1_269' title='bbox 1109 2894 1192 2955; x_wconf 89' lang='lat' dir='ltr'>nullo</span> <span class='ocrx_word' id='word_1_270' title='bbox 1204 2902 1295 2973; x_wconf 75' lang='lat' dir='ltr'>puoto</span> 
     </span>
     <span class='ocr_line' id='line_1_29' title="bbox 194 2982 1294 3065; baseline 0.004 -20"><span class='ocrx_word' id='word_1_271' title='bbox 194 2992 305 3064; x_wconf 74' lang='lat' dir='ltr'>potest,</span> <span class='ocrx_word' id='word_1_272' title='bbox 320 2984 374 3044; x_wconf 84' lang='lat' dir='ltr'>niei</span> <span class='ocrx_word' id='word_1_273' title='bbox 389 2984 465 3045; x_wconf 79' lang='lat' dir='ltr'>torte</span> <span class='ocrx_word' id='word_1_274' title='bbox 487 2982 573 3043; x_wconf 84' lang='lat' dir='ltr'>rinnl</span> <span class='ocrx_word' id='word_1_275' title='bbox 590 2984 647 3047; x_wconf 80' lang='lat' dir='ltr'>elin</span> <span class='ocrx_word' id='word_1_276' title='bbox 662 2984 771 3058; x_wconf 77' lang='lat' dir='ltr'>omnin,</span> <span class='ocrx_word' id='word_1_277' title='bbox 790 3003 918 3062; x_wconf 80' lang='lat' dir='ltr'>quorum</span> <span class='ocrx_word' id='word_1_278' title='bbox 930 2993 1112 3065; x_wconf 75' lang='lat' dir='ltr'>potentotern</span> <span class='ocrx_word' id='word_1_279' title='bbox 1123 2985 1225 3061; x_wconf 80' lang='lat' dir='ltr'>hebet,</span> <span class='ocrx_word' id='word_1_280' title='bbox 1238 2988 1294 3049; x_wconf 82' lang='lat' dir='ltr'>ellri</span> 
     </span>
     <span class='ocr_line' id='line_1_30' title="bbox 193 3076 1294 3157; baseline 0.007 -22"><span class='ocrx_word' id='word_1_281' title='bbox 193 3085 294 3155; x_wconf 82' lang='lat' dir='ltr'>erepte</span> <span class='ocrx_word' id='word_1_282' title='bbox 318 3077 390 3137; x_wconf 86' lang='lat' dir='ltr'>ruit.</span> <span class='ocrx_word' id='word_1_283' title='bbox 435 3076 514 3135; x_wconf 83' lang='lat' dir='ltr'>Nnnr</span> <span class='ocrx_word' id='word_1_284' title='bbox 538 3096 592 3155; x_wconf 85' lang='lat' dir='ltr'>per</span> <span class='ocrx_word' id='word_1_285' title='bbox 614 3076 736 3137; x_wconf 69' lang='lat' dir='ltr'>undem</span> <span class='ocrx_word' id='word_1_286' title='bbox 762 3077 902 3155; x_wconf 65' lang='lat' dir='ltr'>operiet,</span> <span class='ocrx_word' id='word_1_287' title='bbox 923 3097 986 3157; x_wconf 81' lang='lat' dir='ltr'>que</span> <span class='ocrx_word' id='word_1_288' title='bbox 999 3078 1139 3157; x_wconf 77' lang='lat' dir='ltr'>laeptiuer</span> <span class='ocrx_word' id='word_1_289' title='bbox 1157 3079 1197 3141; x_wconf 76' lang='lat' dir='ltr'>od</span> <span class='ocrx_word' id='word_1_290' title='bbox 1219 3080 1294 3143; x_wconf 83' lang='lat' dir='ltr'>illud</span> 
     </span>
     <span class='ocr_line' id='line_1_31' title="bbox 194 3166 1293 3250; baseline 0.005 -23"><span class='ocrx_word' id='word_1_291' title='bbox 194 3168 294 3241; x_wconf 88' lang='lat' dir='ltr'>utitur,</span> <span class='ocrx_word' id='word_1_292' title='bbox 308 3168 388 3229; x_wconf 83' lang='lat' dir='ltr'>nulle</span> <span class='ocrx_word' id='word_1_293' title='bbox 401 3166 539 3246; x_wconf 80' lang='lat' dir='ltr'>Reiprtbl.</span> <span class='ocrx_word' id='word_1_294' title='bbox 554 3178 692 3247; x_wconf 75' lang='lat' dir='ltr'>pareest,</span> <span class='ocrx_word' id='word_1_295' title='bbox 707 3188 778 3247; x_wconf 81' lang='lat' dir='ltr'>ane</span> <span class='ocrx_word' id='word_1_296' title='bbox 790 3188 851 3230; x_wconf 92' lang='lat' dir='ltr'>non</span> <span class='ocrx_word' id='word_1_297' title='bbox 865 3172 981 3249; x_wconf 86' lang='lat' dir='ltr'>Populo</span> <span class='ocrx_word' id='word_1_298' title='bbox 996 3171 1096 3249; x_wconf 79' lang='lat' dir='ltr'>prime</span> <span class='ocrx_word' id='word_1_299' title='bbox 1108 3174 1293 3250; x_wconf 80' lang='lat' dir='ltr'>quoquedie</span> 
     </span>
     <span class='ocr_line' id='line_1_32' title="bbox 193 3256 1073 3338; baseline 0.006 -19"><span class='ocrx_word' id='word_1_300' title='bbox 193 3260 269 3338; x_wconf 84' lang='lat' dir='ltr'>eripi</span> <span class='ocrx_word' id='word_1_301' title='bbox 280 3259 374 3337; x_wconf 75' lang='lat' dir='ltr'>poerit</span> <span class='ocrx_word' id='word_1_302' title='bbox 387 3278 455 3321; x_wconf 80' lang='lat' dir='ltr'>euni</span> <span class='ocrx_word' id='word_1_303' title='bbox 470 3278 583 3321; x_wconf 77' lang='lat' dir='ltr'>murino</span> <span class='ocrx_word' id='word_1_304' title='bbox 596 3261 778 3323; x_wconf 74' lang='lat' dir='ltr'>detrimento</span> <span class='ocrx_word' id='word_1_305' title='bbox 790 3262 964 3323; x_wconf 56' lang='lat' dir='ltr'>libertatis?</span> <span class='ocrx_word' id='word_1_306' title='bbox 1066 3256 1073 3267; x_wconf 65' lang='lat'><em>⁴</em></span> 
     </span>
    </p>
   </div>
   <div class='ocr_carea' id='block_1_5' title="bbox 102 3350 1293 3434">
    <p class='ocr_par' dir='ltr' id='par_1_5' title="bbox 102 3350 1293 3434">
     <span class='ocr_line' id='line_1_33' title="bbox 102 3350 1293 3434; baseline 0.016 -31"><span class='ocrx_word' id='word_1_307' title='bbox 102 3378 107 3390; x_wconf 93' lang='lat'><strong>·</strong></span> <span class='ocrx_word' id='word_1_308' title='bbox 236 3358 256 3387; x_wconf 78' lang='lat'>‘⁶</span> <span class='ocrx_word' id='word_1_309' title='bbox 272 3351 355 3411; x_wconf 83' lang='lat' dir='ltr'>Nihil</span> <span class='ocrx_word' id='word_1_310' title='bbox 366 3350 492 3411; x_wconf 82' lang='lat' dir='ltr'>efficitur</span> <span class='ocrx_word' id='word_1_311' title='bbox 505 3353 647 3431; x_wconf 75' lang='lat' dir='ltr'>exemplis</span> <span class='ocrx_word' id='word_1_312' title='bbox 660 3354 782 3414; x_wconf 82' lang='lat' dir='ltr'>nlinrunr</span> <span class='ocrx_word' id='word_1_313' title='bbox 796 3354 967 3423; x_wconf 79' lang='lat' dir='ltr'>Civitetum,</span> <span class='ocrx_word' id='word_1_314' title='bbox 979 3351 1087 3413; x_wconf 79' lang='lat' dir='ltr'>nedum</span> <span class='ocrx_word' id='word_1_315' title='bbox 1096 3355 1209 3430; x_wconf 80' lang='lat' dir='ltr'>uuum,</span> <span class='ocrx_word' id='word_1_316' title='bbox 1218 3374 1293 3434; x_wconf 74' lang='lat' dir='ltr'>qun·</span> 
     </span>
    </p>
   </div>
   <div class='ocr_carea' id='block_1_6' title="bbox 191 3444 1295 4553">
    <p class='ocr_par' dir='ltr' id='par_1_6' title="bbox 191 3444 1295 4081">
     <span class='ocr_line' id='line_1_34' title="bbox 195 3444 1295 3528; baseline 0.002 -21"><span class='ocrx_word' id='word_1_317' title='bbox 195 3462 258 3507; x_wconf 85' lang='lat' dir='ltr'>rum</span> <span class='ocrx_word' id='word_1_318' title='bbox 269 3444 434 3506; x_wconf 80' lang='lat' dir='ltr'>inedtuten</span> <span class='ocrx_word' id='word_1_319' title='bbox 448 3446 584 3507; x_wconf 76' lang='lat' dir='ltr'>libertate</span> <span class='ocrx_word' id='word_1_320' title='bbox 594 3447 765 3507; x_wconf 82' lang='lat' dir='ltr'>obhorrent.</span> <span class='ocrx_word' id='word_1_321' title='bbox 806 3448 873 3504; x_wconf 85' lang='lat' dir='ltr'>Nee</span> <span class='ocrx_word' id='word_1_322' title='bbox 886 3446 954 3523; x_wconf 85' lang='lat' dir='ltr'>plur</span> <span class='ocrx_word' id='word_1_323' title='bbox 963 3446 1042 3507; x_wconf 79' lang='lat' dir='ltr'>rrlet</span> <span class='ocrx_word' id='word_1_324' title='bbox 1054 3446 1186 3525; x_wconf 81' lang='lat' dir='ltr'>ipeoruru</span> <span class='ocrx_word' id='word_1_325' title='bbox 1198 3451 1295 3528; x_wconf 76' lang='lat' dir='ltr'>meje-</span> 
     </span>
     <span class='ocr_line' id='line_1_35' title="bbox 193 3537 1293 3614; baseline 0.005 -15"><span class='ocrx_word' id='word_1_326' title='bbox 193 3556 259 3599; x_wconf 84' lang='lat' dir='ltr'>rnnr</span> <span class='ocrx_word' id='word_1_327' title='bbox 270 3546 435 3598; x_wconf 79' lang='lat' dir='ltr'>nostrorum</span> <span class='ocrx_word' id='word_1_328' title='bbox 446 3538 640 3599; x_wconf 74' lang='lat' dir='ltr'>consuetudo.</span> <span class='ocrx_word' id='word_1_329' title='bbox 682 3540 760 3597; x_wconf 78' lang='lat' dir='ltr'>Nan</span> <span class='ocrx_word' id='word_1_330' title='bbox 772 3555 864 3614; x_wconf 82' lang='lat' dir='ltr'>quun</span> <span class='ocrx_word' id='word_1_331' title='bbox 873 3557 926 3597; x_wconf 86' lang='lat' dir='ltr'>eor</span> <span class='ocrx_word' id='word_1_332' title='bbox 938 3537 1009 3599; x_wconf 74' lang='lat' dir='ltr'>rotie</span> <span class='ocrx_word' id='word_1_333' title='bbox 1023 3541 1293 3605; x_wconf 68' lang='lat' dir='ltr'>conset-«tvenne</span> 
     </span>
     <span class='ocr_line' id='line_1_36' title="bbox 192 3628 1292 3708; baseline 0.004 -15"><span class='ocrx_word' id='word_1_334' title='bbox 192 3648 313 3693; x_wconf 77' lang='lat' dir='ltr'>tuorum</span> <span class='ocrx_word' id='word_1_335' title='bbox 332 3628 435 3691; x_wconf 79' lang='lat' dir='ltr'>merite</span> <span class='ocrx_word' id='word_1_336' title='bbox 449 3648 507 3689; x_wconf 89' lang='lat' dir='ltr'>non</span> <span class='ocrx_word' id='word_1_337' title='bbox 523 3630 653 3708; x_wconf 76' lang='lat' dir='ltr'>ingratos</span> <span class='ocrx_word' id='word_1_338' title='bbox 666 3628 766 3702; x_wconf 72' lang='lat' dir='ltr'>fuiroe,</span> <span class='ocrx_word' id='word_1_339' title='bbox 782 3629 813 3690; x_wconf 73' lang='lat' dir='ltr'>oi</span> <span class='ocrx_word' id='word_1_340' title='bbox 826 3629 896 3703; x_wconf 67' lang='grc' dir='ltr'>ὢ,</span> <span class='ocrx_word' id='word_1_341' title='bbox 908 3649 945 3691; x_wconf 85' lang='lat' dir='ltr'>no</span> <span class='ocrx_word' id='word_1_342' title='bbox 958 3650 1023 3705; x_wconf 87' lang='lat' dir='ltr'>nor,</span> <span class='ocrx_word' id='word_1_343' title='bbox 1041 3632 1167 3693; x_wconf 81' lang='lat' dir='ltr'>rietiern</span> <span class='ocrx_word' id='word_1_344' title='bbox 1179 3635 1292 3697; x_wconf 76' lang='lat' dir='ltr'>minore</span> 
     </span>
     <span class='ocr_line' id='line_1_37' title="bbox 194 3721 1292 3799; baseline 0.005 -15"><span class='ocrx_word' id='word_1_345' title='bbox 194 3723 348 3795; x_wconf 87' lang='lat' dir='ltr'>dederunt,</span> <span class='ocrx_word' id='word_1_346' title='bbox 358 3722 493 3783; x_wconf 78' lang='lat' dir='ltr'>lecerunt</span> <span class='ocrx_word' id='word_1_347' title='bbox 507 3721 548 3781; x_wconf 91' lang='lat' dir='ltr'>illi</span> <span class='ocrx_word' id='word_1_348' title='bbox 559 3741 596 3782; x_wconf 84' lang='lat' dir='ltr'>er</span> <span class='ocrx_word' id='word_1_349' title='bbox 608 3740 653 3795; x_wconf 87' lang='lat' dir='ltr'>en,</span> <span class='ocrx_word' id='word_1_350' title='bbox 669 3740 737 3799; x_wconf 77' lang='lat' dir='ltr'>quae</span> <span class='ocrx_word' id='word_1_351' title='bbox 752 3730 816 3781; x_wconf 86' lang='lat' dir='ltr'>turn</span> <span class='ocrx_word' id='word_1_352' title='bbox 829 3730 903 3795; x_wconf 80' lang='lat' dir='ltr'>eret,</span> <span class='ocrx_word' id='word_1_353' title='bbox 921 3722 1123 3787; x_wconf 82' lang='lat' dir='ltr'>inetitutorunt</span> <span class='ocrx_word' id='word_1_354' title='bbox 1134 3734 1168 3787; x_wconf 84' lang='lat' dir='ltr'>et</span> <span class='ocrx_word' id='word_1_355' title='bbox 1177 3746 1292 3789; x_wconf 73' lang='lat' dir='ltr'>norem</span> 
     </span>
     <span class='ocr_line' id='line_1_38' title="bbox 193 3815 1293 3897; baseline 0.005 -20"><span class='ocrx_word' id='word_1_356' title='bbox 193 3817 327 3888; x_wconf 67' lang='lat' dir='ltr'>retiouer</span> <span class='ocrx_word' id='word_1_357' title='bbox 351 3834 450 3894; x_wconf 86' lang='lat' dir='ltr'>neque</span> <span class='ocrx_word' id='word_1_358' title='bbox 470 3816 591 3875; x_wconf 85' lang='lat' dir='ltr'>omnino</span> <span class='ocrx_word' id='word_1_359' title='bbox 603 3834 703 3875; x_wconf 84' lang='lat' dir='ltr'>verum</span> <span class='ocrx_word' id='word_1_360' title='bbox 724 3824 782 3887; x_wconf 79' lang='lat' dir='ltr'>eet,</span> <span class='ocrx_word' id='word_1_361' title='bbox 795 3815 868 3875; x_wconf 80' lang='lat' dir='ltr'>uiuit</span> <span class='ocrx_word' id='word_1_362' title='bbox 889 3816 956 3877; x_wconf 87' lang='lat' dir='ltr'>illor</span> <span class='ocrx_word' id='word_1_363' title='bbox 975 3816 1034 3879; x_wconf 75' lang='lat' dir='ltr'>nini</span> <span class='ocrx_word' id='word_1_364' title='bbox 1051 3837 1144 3897; x_wconf 77' lang='lat' dir='ltr'>perne</span> <span class='ocrx_word' id='word_1_365' title='bbox 1162 3819 1293 3883; x_wconf 67' lang='lat' dir='ltr'>dodim.</span> 
     </span>
     <span class='ocr_line' id='line_1_39' title="bbox 194 3906 1291 3989; baseline 0.006 -20"><span class='ocrx_word' id='word_1_366' title='bbox 194 3910 294 3969; x_wconf 88' lang='lat' dir='ltr'>Unum</span> <span class='ocrx_word' id='word_1_367' title='bbox 314 3926 416 3968; x_wconf 75' lang='lat' dir='ltr'>eornn</span> <span class='ocrx_word' id='word_1_368' title='bbox 441 3908 498 3968; x_wconf 88' lang='lat' dir='ltr'>hoe</span> <span class='ocrx_word' id='word_1_369' title='bbox 518 3915 565 3968; x_wconf 77' lang='lat' dir='ltr'>ert</span> <span class='ocrx_word' id='word_1_370' title='bbox 585 3906 705 3988; x_wconf 79' lang='lat' dir='ltr'>dignun</span> <span class='ocrx_word' id='word_1_371' title='bbox 729 3908 893 3969; x_wconf 75' lang='lat' dir='ltr'>imitetiune</span> <span class='ocrx_word' id='word_1_372' title='bbox 911 3918 1023 3983; x_wconf 74' lang='lat' dir='ltr'>norun,</span> <span class='ocrx_word' id='word_1_373' title='bbox 1044 3911 1128 3989; x_wconf 74' lang='lat' dir='ltr'>qnod</span> <span class='ocrx_word' id='word_1_374' title='bbox 1150 3910 1291 3975; x_wconf 73' lang='lat' dir='ltr'>honore·</span> 
     </span>
     <span class='ocr_line' id='line_1_40' title="bbox 191 4002 898 4081; baseline 0 -19"><span class='ocrx_word' id='word_1_375' title='bbox 191 4002 305 4062; x_wconf 82' lang='lat' dir='ltr'>nultum</span> <span class='ocrx_word' id='word_1_376' title='bbox 318 4010 506 4075; x_wconf 74' lang='lat' dir='ltr'>revocarunt,</span> <span class='ocrx_word' id='word_1_377' title='bbox 521 4018 609 4081; x_wconf 82' lang='lat' dir='ltr'>quem</span> <span class='ocrx_word' id='word_1_378' title='bbox 623 4002 714 4062; x_wconf 75' lang='lat' dir='ltr'>renel</span> <span class='ocrx_word' id='word_1_379' title='bbox 726 4002 898 4065; x_wconf 69' lang='lat' dir='ltr'>deumet</span> 
     </span>
    </p>

    <p class='ocr_par' dir='ltr' id='par_1_7' title="bbox 191 4092 1293 4553">
     <span class='ocr_line' id='line_1_41' title="bbox 233 4092 1291 4174; baseline 0.008 -20"><span class='ocrx_word' id='word_1_380' title='bbox 233 4100 253 4129; x_wconf 81' lang='lat'>‘⁸</span> <span class='ocrx_word' id='word_1_381' title='bbox 267 4092 359 4162; x_wconf 85' lang='lat' dir='ltr'>Quod</span> <span class='ocrx_word' id='word_1_382' title='bbox 379 4094 518 4170; x_wconf 68' lang='lat' dir='ltr'>leptines</span> <span class='ocrx_word' id='word_1_383' title='bbox 538 4094 690 4171; x_wconf 71' lang='lat' dir='ltr'>premirun</span> <span class='ocrx_word' id='word_1_384' title='bbox 709 4094 900 4157; x_wconf 73' lang='lat' dir='ltr'>innuitntie</span> <span class='ocrx_word' id='word_1_385' title='bbox 921 4103 1011 4157; x_wconf 78' lang='lat' dir='ltr'>tenne</span> <span class='ocrx_word' id='word_1_386' title='bbox 1032 4096 1109 4158; x_wconf 77' lang='lat' dir='ltr'>dieu</span> <span class='ocrx_word' id='word_1_387' title='bbox 1126 4118 1204 4174; x_wconf 85' lang='lat' dir='ltr'>eree,</span> <span class='ocrx_word' id='word_1_388' title='bbox 1222 4118 1291 4161; x_wconf 79' lang='lat' dir='ltr'>vere</span> 
     </span>
     <span class='ocr_line' id='line_1_42' title="bbox 193 4185 1291 4271; baseline 0.006 -24"><span class='ocrx_word' id='word_1_389' title='bbox 193 4186 277 4248; x_wconf 89' lang='lat' dir='ltr'>dioit.</span> <span class='ocrx_word' id='word_1_390' title='bbox 319 4185 511 4265; x_wconf 74' lang='lat' dir='ltr'>Peteriguunr</span> <span class='ocrx_word' id='word_1_391' title='bbox 535 4186 676 4263; x_wconf 78' lang='lat' dir='ltr'>quiddrnr</span> <span class='ocrx_word' id='word_1_392' title='bbox 698 4197 744 4248; x_wconf 82' lang='lat' dir='ltr'>eet</span> <span class='ocrx_word' id='word_1_393' title='bbox 770 4187 960 4259; x_wconf 66' lang='lat' dir='ltr'>inmunituz</span> <span class='ocrx_word' id='word_1_394' title='bbox 986 4189 1039 4249; x_wconf 82' lang='lat' dir='ltr'>red</span> <span class='ocrx_word' id='word_1_395' title='bbox 1065 4201 1190 4271; x_wconf 82' lang='lat' dir='ltr'>propter</span> <span class='ocrx_word' id='word_1_396' title='bbox 1213 4193 1291 4253; x_wconf 71' lang='lat' dir='ltr'>uene</span> 
     </span>
     <span class='ocr_line' id='line_1_43' title="bbox 193 4277 1293 4360; baseline 0.005 -20"><span class='ocrx_word' id='word_1_397' title='bbox 193 4282 287 4358; x_wconf 82' lang='lat' dir='ltr'>tpeern</span> <span class='ocrx_word' id='word_1_398' title='bbox 302 4294 434 4336; x_wconf 73' lang='lat' dir='ltr'>oensem</span> <span class='ocrx_word' id='word_1_399' title='bbox 456 4277 624 4338; x_wconf 78' lang='lat' dir='ltr'>revocanda</span> <span class='ocrx_word' id='word_1_400' title='bbox 645 4294 777 4340; x_wconf 74' lang='lat' dir='ltr'>nonest</span> <span class='ocrx_word' id='word_1_401' title='bbox 818 4281 968 4341; x_wconf 78' lang='lat' dir='ltr'>Praetereu</span> <span class='ocrx_word' id='word_1_402' title='bbox 988 4281 1072 4358; x_wconf 82' lang='lat' dir='ltr'>qnod</span> <span class='ocrx_word' id='word_1_403' title='bbox 1085 4283 1224 4360; x_wconf 83' lang='lat' dir='ltr'>obvertit,</span> <span class='ocrx_word' id='word_1_404' title='bbox 1244 4304 1293 4345; x_wconf 86' lang='lat' dir='ltr'>oe·</span> 
     </span>
     <span class='ocr_line' id='line_1_44' title="bbox 192 4370 1290 4455; baseline 0.007 -24"><span class='ocrx_word' id='word_1_405' title='bbox 192 4370 391 4451; x_wconf 76' lang='lat' dir='ltr'>temperemur</span> <span class='ocrx_word' id='word_1_406' title='bbox 411 4388 429 4429; x_wconf 80' lang='lat' dir='ltr'>r</span> <span class='ocrx_word' id='word_1_407' title='bbox 449 4388 482 4429; x_wconf 85' lang='lat' dir='ltr'>ee</span> <span class='ocrx_word' id='word_1_408' title='bbox 497 4370 632 4450; x_wconf 82' lang='lat' dir='ltr'>relinqui,</span> <span class='ocrx_word' id='word_1_409' title='bbox 648 4390 737 4433; x_wconf 88' lang='lat' dir='ltr'>unum</span> <span class='ocrx_word' id='word_1_410' title='bbox 751 4372 830 4433; x_wconf 81' lang='lat' dir='ltr'>tolli:</span> <span class='ocrx_word' id='word_1_411' title='bbox 851 4372 978 4453; x_wconf 85' lang='lat' dir='ltr'>prinum</span> <span class='ocrx_word' id='word_1_412' title='bbox 992 4374 1064 4435; x_wconf 82' lang='lat' dir='ltr'>nihil</span> <span class='ocrx_word' id='word_1_413' title='bbox 1079 4373 1110 4434; x_wconf 93' lang='lat' dir='ltr'>id</span> <span class='ocrx_word' id='word_1_414' title='bbox 1127 4374 1217 4455; x_wconf 78' lang='lat' dir='ltr'>juret</span> <span class='ocrx_word' id='word_1_415' title='bbox 1228 4396 1290 4448; x_wconf 82' lang='lat' dir='ltr'>eor,</span> 
     </span>
     <span class='ocr_line' id='line_1_45' title="bbox 191 4463 1289 4553; baseline 0.009 -30"><span class='ocrx_word' id='word_1_416' title='bbox 191 4464 245 4541; x_wconf 80' lang='lat' dir='ltr'>qui</span> <span class='ocrx_word' id='word_1_417' title='bbox 260 4464 334 4539; x_wconf 75' lang='lat' dir='ltr'>torte</span> <span class='ocrx_word' id='word_1_418' title='bbox 349 4463 407 4523; x_wconf 78' lang='lat' dir='ltr'>line</span> <span class='ocrx_word' id='word_1_419' title='bbox 428 4482 487 4525; x_wconf 91' lang='lat' dir='ltr'>uno</span> <span class='ocrx_word' id='word_1_420' title='bbox 509 4464 609 4528; x_wconf 76' lang='lat' dir='ltr'>effecti</span> <span class='ocrx_word' id='word_1_421' title='bbox 621 4474 699 4529; x_wconf 80' lang='lat' dir='ltr'>runt.</span> <span class='ocrx_word' id='word_1_422' title='bbox 741 4463 858 4529; x_wconf 81' lang='lat' dir='ltr'>Deinde</span> <span class='ocrx_word' id='word_1_423' title='bbox 876 4484 937 4527; x_wconf 87' lang='lat' dir='ltr'>nou</span> <span class='ocrx_word' id='word_1_424' title='bbox 948 4466 1044 4529; x_wconf 77' lang='lat' dir='ltr'>minue</span> <span class='ocrx_word' id='word_1_425' title='bbox 1057 4468 1205 4553; x_wconf 69' lang='lat' dir='ltr'>hbornbit</span> <span class='ocrx_word' id='word_1_426' title='bbox 1214 4468 1289 4533; x_wconf 74' lang='lat' dir='ltr'>lide</span> 
     </span>
    </p>
   </div>
   <div class='ocr_carea' id='block_1_7' title="bbox 0 0 1504 4925">
    <p class='ocr_par' dir='ltr' id='par_1_8' title="bbox 0 0 1504 4925">
     <span class='ocr_line' id='line_1_46' title="bbox 0 0 1504 4925; baseline 0 2"><span class='ocrx_word' id='word_1_427' title='bbox 0 0 1504 4925; x_wconf 95' lang='lat' dir='ltr'> </span> 
     </span>
    </p>
   </div>
  </div>
 </body>
</html>
