3000 4925
612 321 980 391 nnosseorusus.
1263 280 1349 376 369

244 479 378 564 publica,
392 487 416 548 si
428 507 519 549 unum
530 505 622 568 genus
635 487 767 556 tolletur,
782 503 871 564 quum
886 479 1027 542 siomniu.
1057 475 1194 552 Denique
1208 465 1348 545 Reipubl.

242 578 272 639 id
285 579 380 658 ipsum
395 581 527 660 expedit,
541 581 599 642 eliu
612 580 675 640 aliis
696 579 817 659 prtemic
838 576 994 656 proposita
1007 590 1082 642 esse,
1097 577 1131 627 ut
1143 560 1302 624 virtutibus
1315 567 1348 618 et

243 671 395 734 beneficiis
417 675 525 736 civium
549 675 644 734 minus
667 671 840 752 splendidis,
864 668 964 747 qualia
984 666 1031 726 vel
1053 657 1237 742 optatissime
1257 650 1345 712 nobis

241 784 305 824 esse
319 766 442 842 debent,
454 787 506 828 suu
518 787 631 828 merces
646 785 682 826 ne
690 759 801 826 desit.”

282 864 301 891 “
317 861 491 940 Captiosurn
506 871 596 940 utque
611 861 748 939 Sophiste
764 856 887 937 dignum
901 862 947 913 est
959 857 1172 931 argumentum,
1188 859 1249 920 quo
1263 836 1346 897 litur-

240 951 296 1030 giae
319 955 456 1016 solennes
477 975 543 1016 cum
568 954 737 1014 muneribus
759 951 850 1010 sacris
871 945 1105 1009 confunduntur.
1146 939 1223 998 Nam
1241 933 1344 992 hurum

238 1064 334 1106 rerum
348 1047 492 1110 diversum
512 1069 577 1110 esse
600 1047 754 1118 tutionem,
767 1045 866 1122 pulum
885 1051 947 1102 est:
973 1039 1064 1098 immo
1085 1055 1122 1094 es
1139 1029 1277 1091 universo
1298 1031 1344 1082 te·

239 1157 310 1200 nore
325 1140 397 1220 legis
407 1141 446 1201 sd
461 1141 609 1220 liquidum
621 1141 851 1216 consessumque
865 1131 990 1216 perduci
1001 1135 1111 1209 potest,
1120 1121 1273 1203 Leptinen
1286 1116 1343 1176 hoc

236 1231 380 1311 proferre,
394 1255 453 1294 non
464 1234 535 1314 quie
550 1234 581 1294 id
597 1253 695 1293 verum
710 1240 806 1312 putet,
821 1229 873 1290 sed
888 1226 926 1288 ud
939 1234 1066 1304 ternpus,
1076 1229 1107 1280 et
1121 1226 1154 1277 ut
1167 1212 1283 1274 nominc
1298 1229 1344 1270 re·

238 1325 354 1404 ligionis
365 1327 561 1404 praetesendo
571 1325 721 1404 judicium
735 1323 846 1383 sallat.''

278 1417 333 1476 llis
353 1421 484 1498 quidem,
500 1440 568 1498 quse
582 1419 624 1478 itu
645 1438 663 1478 u
679 1437 724 1476 rue
738 1417 885 1476 collocato
899 1421 980 1484 sunt,
996 1419 1029 1470 ut
1042 1405 1157 1468 facilius
1171 1419 1237 1461 curn
1253 1395 1343 1456 rotio·

239 1510 326 1570 nibus
338 1512 509 1585 adversarii,
525 1497 632 1591 quibus
646 1508 780 1589 quidque
793 1505 965 1587 respondet,
975 1497 1141 1581 comparari
1154 1493 1281 1575 possint,
1296 1487 1342 1546 his

238 1602 328 1682 igitur
342 1604 557 1665 Demosthenes
577 1603 663 1683 plura
677 1613 708 1661 et
727 1601 766 1660 nd
788 1597 1025 1679 persuadendum
1045 1588 1179 1672 potentis
1195 1591 1342 1646 momente

239 1697 410 1776 interponit,
424 1717 460 1756 ex
466 1696 535 1774 jure
547 1695 649 1757 Attico
664 1693 726 1754 sere
740 1694 845 1774 petitu,
860 1702 894 1753 ut
908 1691 991 1750 lraec:

278 1795 296 1822 “
312 1790 427 1850 Vitiosa
441 1799 486 1850 est
501 1790 645 1869 Leptinen
662 1789 710 1848 les
724 1787 852 1866 primum
873 1785 952 1856 ideo,
968 1780 1048 1862 quod
1068 1783 1175 1838 auctor
1193 1772 1224 1830 in
1239 1789 1274 1829 ea
1293 1786 1342 1827 ro·

236 1881 333 1961 gunda
349 1882 444 1962 legum
460 1902 601 1942 novarum
617 1881 654 1942 nd
670 1880 819 1959 Populum
835 1877 1023 1939 serendarum
1041 1869 1183 1932 formulas
1197 1862 1342 1941 legitimos

237 1986 269 2033 et
282 1976 491 2054 prmscripturn
501 1975 553 2052 jus
568 1974 705 2053 migravit
716 1975 741 2036 ε’·

278 2072 297 2100 “
313 2067 464 2142 Secundo,
489 2067 569 2146 quod
589 2067 636 2126 vel
659 2065 816 2126 manifesto
839 2069 986 2141 repugnat
1006 2055 1136 2136 receptis
1156 2050 1281 2130 legibus,
1295 2045 1342 2106 vel

237 2167 319 2218 certe
343 2160 497 2220 sententiae
524 2178 624 2219 esrum
643 2168 673 2219 et
697 2157 832 2220 consilio.
874 2149 1055 2239 Huiusmodi
1077 2168 1106 2207 v.
1121 2167 1148 2206 c.
1172 2152 1249 2216 eunt,
1271 2159 1340 2221 quae

237 2250 408 2312 sanciuntur
421 2251 460 2312 de
473 2271 561 2330 poena
577 2249 734 2332 irroganda
747 2248 786 2323 ei,
797 2246 849 2327 qui
861 2245 917 2306 sibi
928 2242 1083 2324 premium
1097 2235 1209 2317 petet.’'

276 2351 295 2378 ‘⁶
312 2345 410 2404 Etiam
429 2365 465 2404 ex
480 2344 537 2404 alia
551 2353 636 2423 purte
652 2345 699 2402 lex
720 2341 824 2402 vitiosa
839 2348 886 2400 est
905 2338 935 2398 in
955 2337 1023 2410 lroc,
1043 2331 1126 2412 quod
1141 2323 1296 2390 Harmodii
1310 2332 1341 2384 et

234 2437 445 2519 Aristogitonis
462 2438 633 2517 progeniem
657 2435 776 2517 excipit.
819 2434 951 2514 Oportet
964 2429 1041 2491 enim
1055 2429 1161 2505 legem,
1175 2417 1340 2502 praesertim

234 2532 323 2592 laum
344 2534 374 2594 in
395 2533 488 2593 libera
502 2531 642 2607 Civitate,
661 2550 749 2609 aequn
771 2526 942 2589 conditione
956 2524 995 2585 de
1014 2521 1093 2583 omni
1116 2518 1182 2579 cive
1202 2522 1340 2586 statuere,

234 2644 289 2685 nec
312 2646 398 2687 secus
416 2634 514 2685 vetera
534 2634 588 2685 ent
609 2624 771 2703 praeterito,
793 2630 883 2700 etque
905 2638 984 2680 nora
1002 2624 1054 2677 aut
1076 2616 1177 2674 futuru
1193 2607 1341 2688 judicare.

236 2718 275 2777 Et
286 2718 352 2797 quis
364 2721 440 2779 hunc
452 2717 637 2796 Reipublicae
650 2725 759 2776 nostrae
773 2714 924 2775 fortunam
937 2712 1014 2773 adeo
1027 2707 1163 2769 stabilem
1179 2700 1340 2782 proprium·

236 2833 294 2890 qne
308 2821 429 2892 praestet
443 2810 583 2883 futurum,
599 2821 633 2868 ut
646 2813 798 2886 nunquuin
814 2806 973 2886 quisquam
987 2802 1091 2863 eedem
1107 2798 1164 2858 sibi
1176 2797 1340 2875 deposcere

236 2918 337 2985 quest,
353 2922 421 2983 quae
433 2901 552 2962 duobus
567 2901 624 2961 illis
639 2902 710 2961 olins
723 2900 795 2960 date
806 2901 909 2960 suntl”

277 2997 366 3058 “Sed
382 2996 517 3055 nimirum
531 2994 661 3053 habebnt
673 2990 764 3053 lectio
779 2988 954 3064 adverseris,
968 3006 1022 3047 cur
1034 2985 1121 3046 tnlem
1135 2983 1229 3060 legem
1241 2979 1340 3039 ferret.

237 3092 361 3152 Exercet
381 3106 416 3149 ee
430 3087 594 3145 simultates
608 3103 675 3145 cunr
694 3083 828 3163 pluribus
842 3103 881 3143 ex
897 3099 1021 3141 nurnero
1035 3074 1218 3147 immuniurn,
1233 3070 1339 3149 hisque

235 3180 359 3264 praenriu
372 3200 424 3242 sun
435 3187 570 3258 ereptum
586 3178 657 3238 ibat.
694 3179 737 3236 At
750 3185 836 3255 turpe
847 3185 903 3249 est,
917 3183 950 3235 ut
963 3171 1093 3254 privatus
1107 3168 1229 3247 injurius
1239 3183 1339 3245 perse·

236 3295 338 3357 quere,
351 3273 529 3345 auctoritate
544 3271 667 3351 publicu
686 3270 781 3344 abuti,
796 3281 827 3331 et
841 3268 963 3329 inimico
977 3276 1031 3328 tuo
1045 3266 1109 3345 lege
1119 3262 1242 3342 cripere,
1256 3258 1343 3339 quod

236 3368 429 3432 accusatione
442 3378 473 3427 et
486 3364 605 3444 judicio
620 3362 751 3425 conflato
765 3362 880 3443 eripere
894 3382 953 3423 non
967 3359 1106 3422 sudeus.”

276 3471 295 3499 “
311 3462 445 3544 syndici,
456 3480 532 3539 quos
541 3458 675 3538 Populus
684 3458 796 3539 delegit
804 3458 863 3538 legi
872 3456 1025 3536 Leptines
1039 3450 1221 3520 defensores,
1230 3445 1338 3526 purtim

237 3557 367 3637 suspecti
387 3566 466 3630 snut,
479 3554 585 3635 purtim
600 3553 755 3631 rejiciendi
769 3562 935 3633 propterea,
950 3550 1031 3630 quod
1053 3547 1133 3608 idem
1148 3543 1338 3605 ministerium

237 3652 276 3711 illi
287 3652 350 3729 jorn
366 3660 434 3710 ente
449 3648 478 3708 in
494 3648 558 3707 aliis
570 3648 682 3707 caussis
698 3648 859 3709 lecerunt.”

278 3749 297 3777 ‘⁸
313 3740 506 3821 Antiqunndn
520 3741 611 3818 igitur
626 3742 671 3800 lex
687 3741 830 3819 Leptinis,
844 3750 876 3799 et
889 3740 919 3799 in
932 3739 999 3817 ejus
1018 3738 1116 3795 locum
1134 3727 1342 3792 substituenda

236 3834 312 3909 tulis,
327 3854 396 3912 qum
412 3843 473 3894 tum
492 3832 620 3909 receptis
636 3832 754 3911 legibus
769 3852 829 3892 non
844 3839 999 3910 repugnet,
1013 3837 1075 3890 tum
1091 3826 1178 3887 boum
1189 3822 1277 3883 tumre
1291 3819 1341 3879 Ci-

236 3926 335 3988 ritetis
348 3934 458 3987 nostrae
481 3924 626 3997 consulut,
641 3934 704 3984 tuns
719 3924 927 3998 incommodis,
945 3922 968 3984 si
983 3942 1044 4002 quc
1056 3942 1094 3981 ex
1106 3915 1341 3979 immunitatibus

236 4032 301 4084 orte
312 4029 390 4093 sunt,
405 4019 566 4079 rnedeutur‘
578 4018 656 4079 etc.'’

278 4114 356 4175 Setis
378 4111 504 4172 diximus
518 4109 556 4171 de
570 4119 744 4191 argumento
767 4112 920 4172 Orationis
938 4118 971 4171 et
984 4117 1064 4171 stetu
1082 4127 1216 4169 crussae:
1238 4106 1341 4183 itaque

269 4257 481 4306 eDernostlreniuur
497 4254 566 4316 logis,
583 4270 636 4316 qus>
657 4254 778 4318 Leptinen
803 4254 887 4319 δοράς,
901 4252 955 4310 ine
975 4254 987 4301 ὅ
1006 4254 1081 4315 Δῆμος
1104 4250 1177 4308 M,
1193 4246 1266 4313 sopior
1289 4244 1341 4295 tim

238 4323 372 4385 opponitur,
383 4338 425 4369 nso
439 4323 509 4369 verbs
520 4326 691 4377 tenemus,neo
706 4326 779 4368 toturn
803 4336 826 4368 ιι.
843 4337 866 4368 r.
881 4329 906 4368 λ.
938 4319 971 4368 At
986 4324 1068 4366 sector
1083 4317 1173 4365 indicet
1188 4316 1250 4376 ipse,
1271 4313 1343 4361 serbe

237 4388 383 4436 mustum.
414 4385 609 4447 Petitusqnidsm
623 4385 648 4433 in
667 4386 780 4433 ΒΜΔ.
803 4384 865 4450 legis
880 4400 896 4432 s
910 4400 937 4433 se
953 4398 999 4431 non
1015 4382 1075 4431 deri.
1118 4382 1213 4442 Quippe
1228 4378 1264 4425 sio
1282 4392 1344 4439 pr·-
1398 4373 1402 4381 ’

239 4468 262 4514 p.
273 4454 330 4500 382.
340 4452 390 4503 linc
404 4454 477 4500 verbs
487 4450 577 4513 posuit,
595 4464 649 4512 qn·
666 4450 780 4511 irlrgs·
804 4450 881 4499 nrm:
896 4448 921 4496 ul
931 4452 973 4512 rig
985 4450 996 4496 l
1007 4443 1153 4511 Διμινθίιιις
1166 4440 1296 4491 <odrina
1311 4439 1342 4490 ri·

239 4522 320 4573 mesto
339 4516 422 4565 Grues
445 4516 560 4579 Anonyml
577 4516 694 4577 leguntur.
734 4518 782 4568 τὶς
805 4532 862 4577 μου

274 4606 335 4641 von.
347 4608 379 4639 rr.
815 4594 858 4639 Sn
