3000 4925
621 349 991 424 ruorncounuu.
1033 409 1040 426 .
1203 291 1207 297 ’
1249 344 1333 433 sor
1372 436 1376 447 ,

237 515 318 588 Quin
330 515 410 597 apud
432 516 594 597 auditores,
609 517 712 598 quoles
727 513 930 582 Atheniste're
941 523 1056 596 essent,
1068 513 1100 578 in
1113 513 1180 578 soro
1198 525 1289 598 atque
1304 517 1337 586 in

231 608 369 686 judiciis,
387 609 490 682 idest,
512 610 645 673 homines
659 611 731 672 mire
750 612 829 672 inter
847 629 880 672 se
899 609 1028 688 ingenio,
1041 611 1173 678 moribus
1185 619 1217 672 et
1228 611 1338 691 peritia

236 720 334 764 rerum
348 702 491 782 dispares,
505 723 585 784 srepe
599 704 676 764 adeo
690 723 768 784 opus
787 722 853 763 esse
871 702 981 781 potuit,
995 700 1169 780 gmaissima
1186 713 1338 768 momenta

235 795 384 862 rationum
396 795 500 858 animis
513 805 543 858 et
553 797 700 858 memorie
715 797 876 876 impensius
888 795 1085 866 inculcare,et
1093 797 1151 858 hoc
1161 807 1253 876 pacto
1266 817 1337 877 neg-

235 891 387 972 ligentium
402 912 521 973 quoque
535 912 571 954 no
586 893 793 956 reluctantium
817 911 966 954 emensum
980 899 1172 972 extorquere..
1206 895 1268 966 Qui
1279 913 1338 974 pro

236 985 381 1050 concione
395 985 436 1046 ibi
451 986 590 1048 voluisset
601 985 811 1065 Thucydidiue
823 1003 955 1057 eese‚nae
969 983 1014 1043 iiii
1026 984 1263 1062 intempestiuum
1274 995 1338 1046 stu·

236 1076 318 1138 dium
338 1097 443 1158 magno
457 1078 612 1140 stetisset.lt
652 1078 774 1149 Verum,
789 1085 824 1140 ut
835 1075 911 1156 dini,
931 1075 980 1136 hic
1000 1075 1079 1136 hend
1093 1074 1181 1136 ieoile
1194 1077 1255 1138 ulla
1268 1097 1337 1137 sen«.

235 1171 329 1232 tentia
340 1170 473 1244 iteratur,
488 1189 576 1251 quem
597 1189 655 1230 non
669 1170 729 1230 ulio
743 1178 834 1248 etque
843 1169 903 1230 elio
915 1168 1018 1230 colore
1031 1167 1182 1229 induerem
1196 1169 1338 1232 nouitatis

235 1263 375 1344 quedem
388 1263 503 1342 species
514 1263 710 1324 commendet.
755 1262 816 1324 Sed
827 1263 894 1323 bueo
908 1262 998 1322 ethis
1017 1261 1122 1322 similis
1134 1260 1261 1340 quilibet
1272 1262 1336 1325 sine

237 1355 298 1416 ulla
314 1354 453 1416 doctrina
473 1353 602 1415 inuenire
616 1354 742 1434 legendo
755 1365 789 1416 et
807 1355 976 1416 extenuare
987 1355 1117 1434 poterit:
1141 1375 1196 1416 nos
1216 1373 1338 1433 egemus

237 1447 281 1518 id,
299 1445 383 1526 quod
404 1446 556 1526 proprium
569 1456 616 1506 est
629 1447 834 1519 Grnmmutici,
848 1456 881 1508 ut
899 1447 1003 1508 lectori
1024 1447 1099 1508 viem
1120 1446 1283 1525 epu-iamne
1298 1447 1339 1511 ud

238 1556 383 1610 oerrssem,
395 1539 425 1598 iu
437 1557 498 1618 qua
511 1539 618 1600 Oratio
631 1539 733 1600 habitu
746 1549 801 1610 est,
813 1538 1059 1618 cognoscendum.

278 1631 319 1707 Is,
330 1651 418 1711 quem
430 1631 541 1695 Noster
553 1631 583 1692 in
597 1651 632 1692 eu
645 1632 845 1693 adversarium
857 1633 960 1705 hebet,
971 1633 1114 1711 Leptines
1125 1634 1220 1711 legem
1230 1633 1340 1695 tulesut

238 1725 374 1798 Athenis,
390 1735 424 1785 ut
443 1743 517 1806 quas
531 1723 727 1786 immunitates
749 1726 871 1786 honoris
889 1745 992 1786 carnea
1010 1725 1109 1786 ndhuc
1131 1727 1207 1786 bene
1225 1727 1339 1787 meritis

238 1817 350 1880 uiribus
364 1817 489 1880 concedi
503 1817 642 1880 usitatum
661 1827 750 1891 esset,
766 1837 811 1878 ese
825 1818 936 1897 puriter
948 1819 1098 1890 omnibus,
1115 1819 1167 1897 qui
1186 1839 1236 1880 eas
1249 1838 1337 1882 ecce-

238 1912 363 1992 pissent,
386 1911 594 1985 adimerentur,
617 1921 648 1972 et
675 1913 765 1992 plene
787 1912 963 1972 tollerentur
985 1912 1016 1970 iu
1041 1911 1187 1990 reliquum
1211 1922 1339 1991 tempus.

238 2005 304 2066 ium
323 2023 414 2083 quum
432 2005 462 2066 iu
482 2003 532 2064 iliu
546 2005 672 2083 Republ.
690 2005 801 2083 cuique
820 2003 935 2075 liceret,
951 2003 1071 2081 perlate
1085 2024 1121 2065 uc
1134 2005 1255 2084 publice
1270 2003 1338 2066 fixe

238 2100 312 2180 legis
326 2100 449 2159 latorem
463 2118 546 2160 reum
559 2119 656 2176 agere,
671 2099 761 2159 ruodo
775 2107 808 2158 ut
819 2099 852 2157 id
870 2099 948 2158 intra
967 2118 1036 2158 eum
1048 2118 1157 2159 ennom
1169 2099 1264 2173 fieret,
1276 2120 1340 2179 qno

240 2193 355 2272 rogatio
377 2201 455 2253 esset
476 2193 679 2270 promutgutm
699 2191 852 2252 accusavit
870 2191 911 2251 ito
924 2191 1007 2250 illum
1026 2191 1189 2271 Peethippus
1209 2193 1339 2272 quidem,

238 2285 488 2364 subscriptoribus
501 2284 642 2346 duobus.q
682 2283 916 2362 subscriptionis
934 2283 1014 2344 enim
1028 2303 1101 2354 mos,
1117 2305 1206 2362 quens
1220 2295 1339 2346 constat

241 2379 346 2440 Romae
360 2379 459 2458 fuisse,
473 2378 550 2438 idem
573 2377 603 2437 in
618 2378 721 2438 Attico
742 2377 807 2436 foro
828 2377 932 2456 viguit.
974 2376 1033 2436 Sed
1054 2378 1203 2458 Bethippo
1222 2388 1340 2461 mortuo

238 2483 319 2545 unte,
331 2493 420 2555 quam
435 2492 469 2534 ee
481 2492 584 2535 caussa
596 2471 627 2533 in
637 2470 787 2549 judicium
801 2470 1034 2542 descensores,
1048 2490 1139 2549 quum
1154 2472 1271 2549 reliqui,
1283 2474 1340 2549 [inq

240 2576 363 2639 certum,
385 2576 491 2646 sponte
511 2584 549 2625 su
570 2564 696 2627 consilio
711 2564 857 2645 Leptinis)
875 2564 915 2624 ab
936 2564 1126 2625 sccumuoue
1146 2564 1339 2639 destitissent,

240 2658 290 2721 alii
303 2658 363 2723 duo
385 2668 490 2739 postes
510 2658 674 2741 eliquanto,
689 2668 770 2719 certe
783 2677 860 2719 anno
881 2657 932 2717 iiio
952 2659 1067 2737 elapso,
1081 2658 1176 2719 exorti
1196 2667 1274 2733 sunt,
1287 2656 1340 2737 qui

241 2753 312 2831 legis
333 2762 472 2831 tunquam
487 2750 600 2813 vitiose
618 2760 650 2811 et
671 2752 846 2829 perniciosae
866 2751 1088 2829 abrogationem
1108 2762 1339 2813 commoverent.

241 2844 290 2905 llli
304 2844 365 2904 duo
379 2843 497 2905 fuerunt
511 2843 677 2923 Aphepsio‚
694 2842 772 2903 filius
790 2842 942 2922 numippi,
957 2852 988 2901 et
1001 2842 1170 2921 Ctesippus‚
1192 2842 1341 2919 Chabriae,

238 2936 312 2997 cieri
330 2936 535 3014 imperatoris.¹
577 2936 615 2993 Et
635 2933 706 2994 huic
721 2936 845 3013 quidem
867 2934 898 2994 id
915 2934 1064 3011 negotium
1082 2935 1237 3015 proprium
1250 2935 1342 2997 fuisse

240 3038 366 3111 propter
378 3026 590 3087 immunitatem
605 3026 682 3104 putri
693 3026 802 3099 datum,
817 3026 888 3087 setis
901 3026 1071 3086 declaretis
1083 3027 1341 3103 orationislocus,

241 3120 294 3199 qui
309 3130 356 3183 est
365 3120 405 3182 de
417 3118 555 3181 laudibus
566 3118 704 3179 Chabriae
715 3126 734 3178 ι·
748 3119 786 3178 de
800 3119 993 3198 Aphepsione
1007 3118 1079 3178 nihil
1090 3120 1160 3191 tule,
1174 3138 1271 3199 neque
1281 3121 1342 3200 bio,

242 3231 340 3292 neque
350 3212 431 3286 nlibi,
446 3211 591 3291 proditur.
632 3210 821 3273 Sedomnino
832 3211 920 3291 hujus
931 3210 1057 3271 hominis
1069 3230 1128 3271 non
1138 3213 1240 3293 magis,
1251 3232 1342 3292 quum

241 3304 394 3387 Buthippi,
420 3304 480 3367 ullu
500 3302 641 3367 memoris
662 3312 777 3375 exstetr
802 3304 926 3367 aiterum
949 3311 1034 3365 tanto
1060 3306 1196 3367 novimus
1220 3307 1343 3371 melius.¹

240 3554 247 3563 Ι
273 3500 363 3551 teoni.
375 3499 497 3549 ciceronis
508 3498 577 3547 Brut.
591 3514 613 3549 o.
626 3500 666 3547 ts.
676 3506 701 3548 et
712 3500 779 3548 Oret.
804 3494 1018 3564 mmm-flgiti
1038 3498 1166 3558 «desei
1188 3496 1261 3554 serie
1281 3498 1344 3564 pati

241 3582 264 3615 o.
275 3570 299 3617 9.
330 3566 362 3615 At
370 3566 444 3614 octies
455 3563 616 3628 'i'hnoydidem
628 3564 679 3627 ipse
691 3565 779 3613 Domo-
803 3566 904 3623 uiris,
920 3562 949 3620 eie
967 3564 1075 3627 mim
1098 3562 1234 3628 Δημοσθένει
1254 3562 1343 3625 pierres.

242 3632 336 3679 sthenes
363 3630 526 3692 descripserit,
552 3630 573 3677 si
595 3645 650 3677 sere
676 3630 780 3677 nerrevit
804 3632 837 3678 At
846 3630 936 3678 homini
945 3630 1014 3691 hujus
1031 3628 1125 3677 familias
1135 3645 1217 3692 perum
1233 3629 1288 3677 idei
1302 3630 1343 3677 he-

242 3696 341 3743 Lnoien.
366 3694 419 3743 sdr.
443 3692 578 3741 Indoct.'1'.
601 3693 651 3741 111.
674 3710 699 3757 p.
721 3698 779 3743 tot.
803 3694 901 3742 buerim.

242 3758 310 3807 coni.
329 3758 437 3819 Agathino
459 3758 524 3805 iiiut.
543 3757 580 3804 11.
598 3772 622 3819 p.
639 3760 680 3807 48.
696 3758 780 3807 venet.
838 3755 945 3807 ·Vi‹t.l.
959 3754 994 3821 ιζ.

241 3822 361 3873 Nimirum
371 3822 394 3869 in
405 3822 495 3883 magnis
507 3821 659 3882 scriptoribus
670 3822 734 3869 eliud
745 3824 780 3870 le·
837 3824 979 3884 ‘Precipns
995 3837 1026 3869 ex
1034 3820 1156 3869 Plutarch.
1166 3822 1240 3870 Pboo.
1252 3838 1277 3886 p.
1284 3824 1343 3873 ⁷44.

243 3888 278 3952 git
289 3886 357 3935 homo
367 3884 507 3948 ingeniosus,
515 3886 707 3944 iilornmeimiiir,
716 3888 780 3935 uliud
805 3886 836 3935 E.
856 3894 881 3935 et
902 3902 932 3934 ex
954 3886 1067 3934 Atheneo
1083 3887 1128 3935 iv.
1150 3902 1175 3951 p.
1194 3891 1260 3948 165„
1279 3887 1344 3951 apud

243 3967 314 4001 serre
331 3950 553 3999 netioimitetornru.
585 3949 613 3997 ld
626 3949 712 3999 docent
730 3966 783 4000 rere
806 3966 875 4013 quem
900 3950 1000 4011 Diphili,
1026 3950 1147 4009 Tinnetio,
1169 3958 1194 4000 et
1220 3952 1344 4002 Menendri

243 4016 267 4066 iu
281 4016 439 4064 Demosthene
454 4012 701 4077 vestigieimitetionie
717 4016 783 4067 ‘i'nu-
807 4015 1049 4078 verenedectesippo
1059 4017 1214 4078 proferuntur.
1247 4019 1345 4067 Postre-

244 4082 355 4145 cydidim.
807 4080 839 4127 mi
860 4088 942 4158 postes
964 4081 1118 4141 fragmentum
1144 4088 1182 4129 est
1204 4098 1235 4130 ex
1256 4083 1345 4141 subole,

276 4146 357 4194 uvid.
375 4146 441 4193 Oret.
458 4144 478 4207 §-
493 4144 531 4191 td.
553 4151 578 4192 et
597 4144 695 4207 Argum.
710 4160 781 4207 gemm
804 4141 881 4208 ’egyp¹
897 4160 966 4206 quem
977 4144 1078 4193 omnium
1097 4145 1195 4209 primem
1214 4148 1294 4195 docuit
1310 4150 1344 4196 0·

243 4210 289 4260 seu
319 4225 431 4273 nnsqnem
452 4208 544 4257 iliorum
569 4208 670 4257 duorum
690 4208 783 4258 nomine
806 4208 882 4321 ¹ng'
904 4213 961 4267 114,
984 4214 1008 4257 4.
1030 4217 1110 4287 ¹¹⁸.⁰.⁸‘
1131 4213 1194 4274 apud
1217 4212 1345 4261 Eusebio

243 4277 399 4389 legum„
414 4339 572 4387 Demosthene
588 4340 618 4387 de
634 4338 672 4385 his
690 4336 783 4387 dnobus
808 4275 894 4403 whpolp:
906 4274 1346 4401 bpmpqporpppgpnrffiuhpurptpi

245 4410 446 4453 ientnmconstet.
478 4406 653 4453 iuutortameu
668 4404 783 4452 brevioris
809 4402 951 4453 Menandros
971 4420 1013 4452 sne
1028 4404 1136 4452 Clericus
1153 4420 1178 4467 p.
1195 4406 1252 4452 136.
1286 4406 1345 4453 Per·

246 4469 393 4529 Argumenti,
409 4485 423 4517 e
444 4470 513 4517 uobis
531 4468 621 4525 omissi,
631 4483 700 4530 quem
713 4468 781 4518 in'be·
807 4470 937 4519 ditissimus
948 4468 1033 4517 nebulo
1044 4468 1141 4517 initiste
1154 4468 1217 4515 tilius
1226 4469 1312 4527 herois,
1322 4478 1348 4518 et

246 4533 309 4583 nium
319 4534 448 4591 ierunt,sio
459 4534 555 4583 scribit:
573 4532 784 4603 coppimeslxsi·
809 4537 873 4585 censi
895 4536 976 4599 generi
992 4533 1094 4582 luxuries
1113 4540 1139 4580 et
1160 4532 1348 4595 mquitimdsdi·
