3000 4925
576 637 977 719 suumn·

472 833 976 938 PRAEFATIO

583 1043 588 1050 ¹
718 1064 755 1098 aa

563 1213 897 1280 ORATIONEM

341 1392 1111 1498 DEMOSTHENIS

473 1633 702 1702 ADVERSUS
724 1633 961 1694 LEPTINEM.

215 1814 408 1875 Usrrsnros
429 1816 522 1878 multo
536 1818 622 1898 spud'
631 1818 778 1898 Antiquos
796 1830 860 1879 erat
875 1817 1041 1898 Inscriptio,
1056 1819 1120 1898 περὶ
1133 1815 1272 1887 ἀτελείας,

174 1904 233 1964 sive
246 1907 343 1986 potius
356 1911 419 1988 περὶ
433 1911 575 1982 ἀπλανῶν,
595 1911 642 1970 De
661 1913 890 1983 [manantibus
911 1930 971 1991 quo
983 1910 1101 1971 nomine
1118 1909 1274 1970 laudarunt

174 1997 356 2071 Plutarchus,
378 2003 408 2060 in
421 2001 481 2061 vita
494 2003 711 2077 Demosthenis,
726 2004 885 2085 Dionysius
907 2004 1007 2064 Halic.
1030 2004 1061 2062 in
1082 2001 1214 2082 Epistola
1233 2001 1274 2060 ad

174 2091 339 2150 Ammseum
360 2111 429 2170 pag.
443 2099 511 2153 121.
525 2095 588 2156 init.
601 2097 681 2156 Edit.
695 2096 836 2177 Sylburg.
854 2096 901 2177 [p.
912 2096 1064 2156 cccxxxvi.
1078 2097 1135 2154 rol.
1146 2097 1170 2154 l.
1187 2094 1279 2172 §.at

172 2193 261 2261 atque
284 2182 395 2256 iterum,
412 2184 644 2248 de.edmiranda
656 2189 686 2247 vi
706 2189 825 2248 dicendi
842 2189 874 2247 in
889 2187 1045 2248 Demosth.
1058 2207 1127 2267 pag.
1143 2186 1271 2251 171.fin.

174 2275 338 2334 Athenaeus
363 2277 384 2335 l.
401 2281 431 2336 4.
451 2298 480 2356 p.
498 2283 565 2340 166.
592 2279 670 2340 Edit.
691 2285 780 2342 1612.
797 2280 938 2341 Priscian.
960 2283 980 2338 l.
996 2286 1044 2341 18.
1068 2278 1275 2358 Hermogenes

172 2368 357 2448 sapiuscule,
379 2369 503 2432 Photius
524 2373 554 2431 in
569 2374 738 2453 Myricbibl.
753 2373 850 2432 Codd.
865 2391 982 2432 ccaxv.
999 2364 1029 2432 et
1043 2372 1073 2431 in
1086 2373 1200 2432 Le'xico
1213 2372 1275 2430 iue-

95 2468 96 2471 ’
172 2459 244 2533 diso,
259 2483 286 2520 v.
301 2461 421 2531 Θέσὲαι,
437 2475 469 2521 et
478 2464 665 2543 Λυσίμαχος,
679 2466 710 2523 in
725 2485 784 2543 qua
797 2486 871 2523 voce
892 2466 972 2544 spud
992 2466 1113 2525 Suidam
1134 2486 1189 2545 pro
1206 2468 1271 2525 dre-

171 2558 255 2613 λειῶν
267 2572 420 2633 perperam
435 2554 544 2633 legitur
558 2556 701 2634 ἀδελφῶνε
724 2556 804 2634 quali
825 2556 933 2618 mendo
955 2558 1042 2617 etiem
1061 2558 1176 2618 laboret
1192 2558 1272 2617 Har-

171 2648 322 2725 portatio
336 2648 517 2715 Astarmrdc.
560 2648 663 2709 Oratio
678 2658 723 2709 est
740 2654 931 2730 χαριέστατος
950 2652 1085 2710 ἁπάντων
1104 2650 1152 2708 roi
1173 2663 1274 2733 ypopa-

171 2748 300 2811 rororoc,
315 2750 348 2797 ut
360 2739 461 2799 scribit
474 2739 630 2820 Dionysius
650 2741 717 2801 loco
731 2741 831 2801 citato.
873 2742 1033 2821 Egregiem
1052 2743 1082 2801 in
1100 2762 1137 2802 es
1157 2742 1273 2804 subtili-

169 2841 260 2890 tatem
280 2830 439 2891 admiratus
454 2842 499 2891 est
514 2833 620 2893 Cicero
633 2833 718 2893 Oret.
733 2834 773 2893 sd
788 2834 912 2893 Brutum
925 2834 986 2897 111.
1029 2836 1122 2913 Cujus
1142 2835 1290 2916 denique.
1393 2867 1398 2886 ι

170 2922 321 2983 exordium
343 2942 402 2981 non
415 2923 585 2983 illaudatum
599 2925 738 3005 preteriit
752 2944 881 2985 summus
894 2924 944 2986 itte
958 2925 1094 2997 Oriticns,
1109 2927 1271 3007 Dionysius

168 3014 330 3093 Longinus,
342 3026 417 3075 teste
427 3014 534 3075 Photio
547 3016 577 3075 in
585 3016 756 3096 Myriobibl.
767 3018 834 3077 ioco
843 3037 932 3096 supra
943 3037 963 3078 a
972 3038 1023 3079 ma
1034 3017 1164 3078 laudato.
1185 3018 1270 3079 ldem

168 3109 292 3169 Photius
306 3108 414 3168 ibidem
428 3108 566 3169 traditum
580 3128 644 3170 esse
658 3110 707 3181 ait,
723 3110 956 3171 Demosthenem
974 3130 1040 3172 eam
1061 3110 1276 3194 conscripsisse
1370 3173 1374 3185 .

168 3220 260 3264 annos
278 3212 378 3261 nat-um
393 3201 504 3260 XXIV.
558 3202 630 3263 bart
644 3201 683 3273 δὲ,
705 3202 755 3264 τὸν
768 3202 955 3282 Δημοσθένην
972 3206 1096 3281 τέσσαρα
1116 3208 1162 3264 καὶ
1181 3206 1287 3270 eteros,

168 3299 309 3374 γεγονότα
322 3295 370 3367 ἔτη
384 3296 435 3357 τὸν
448 3299 510 3374 περὶ
529 3306 585 3356 τῶν
606 3300 749 3369 ἀτελειῶν,
771 3300 833 3368 ἤτοι
854 3298 902 3356 τὸν
923 3297 993 3377 πρὸς
1007 3297 1166 3369 Λεπτίνην,
1188 3301 1268 3377 φιλο-

167 3392 346 3461 πονήσασθαι
364 3391 464 3464 λόγον.
477 3386 509 3447 οὗ
524 3388 555 3449 τὸ
570 3394 718 3469 προοίμιον
728 3388 880 3465 Λογγῖνος
898 3392 914 3449 ὁ
929 3390 1058 3469 Κριτικὸς
1080 3391 1269 3465 ἀγωνιστικὸν

167 3484 282 3563 νομίζει.
324 3482 444 3553 Contra,
457 3482 588 3542 Preetore
600 3481 728 3542 Athenis
740 3482 913 3543 Callistrato.
923 3482 1053 3545 habitam
1067 3502 1131 3543 esse
1146 3493 1268 3543 conten·

167 3575 210 3637 dit
223 3574 348 3655 Dionys.
365 3574 516 3635 Halicarn.
531 3574 580 3654 qui
594 3586 657 3635 erat
668 3574 788 3655 Olymp.
798 3576 881 3636 CVI.
895 3596 990 3637 onnus
1004 3574 1161 3647 secundus,
1177 3586 1267 3653 etque

166 3667 242 3729 adeo
255 3666 463 3727 Demosthenis
478 3668 538 3727 nati
554 3667 685 3727 XXVII.
727 3668 903 3729 Habebatnr
924 3679 1004 3730 certe
1022 3669 1071 3728 vix
1091 3678 1161 3728 ante
1181 3667 1267 3727 iotam

165 3770 294 3829 oetstem,
308 3778 394 3837 qunm
409 3760 566 3839 assignavit
580 3760 712 3832 Photius,
727 3773 780 3821 aut
792 3761 866 3821 citra
879 3762 976 3833 istam,
991 3778 1079 3840 quam
1095 3759 1267 3840 Dionysius.

166 3852 244 3913 Nam
259 3851 378 3931 Olymp.
394 3850 459 3912 CV.
474 3856 503 3913 8.
520 3852 681 3911 secundum
703 3852 867 3913 Diodorum
889 3854 1019 3913 Siculum
1033 3852 1184 3931 Philippus
1199 3853 1266 3911 Ma·
1350 3866 1362 3881 “

165 3945 298 4028 nedonise
312 3944 379 4004 Rex
393 3944 526 4025 Pydnam
540 3953 571 4003 et
582 3943 744 4005 Potidoeam
758 3943 847 4025 capit,
856 3946 936 4005 cv1.
948 3950 976 4005 8.
991 3955 1090 4005 antem
1104 3943 1176 4003 obiit
1189 3944 1268 4005 Leu-

166 4060 211 4111 co,
226 4040 293 4099 Rex
307 4036 442 4116 Bospori.
485 4036 609 4097 Constat
622 4046 721 4097 autem
741 4056 780 4095 ex
800 4043 836 4111 ξς.
848 4036 886 4095 θ’.
897 4036 939 4095 ιδ’.
954 4046 984 4096 et
998 4036 1038 4096 ιε’.
1052 4036 1138 4115 hujus
1159 4037 1266 4097 oratio-

165 4133 219 4204 nis,
239 4144 310 4204 tnm,
331 4150 421 4211 quum
443 4129 544 4189 habita
564 4141 655 4201 esset,
679 4140 782 4209 captas
803 4148 868 4189 esse
890 4128 1022 4210 Pydnam
1041 4139 1072 4188 et
1091 4129 1265 4200 Potidaeam,

165 4226 336 4287 Leuconem
357 4234 457 4284 sutem
481 4222 578 4284 adhuc
590 4222 681 4284 fuisse
699 4222 896 4303 superstitem.
938 4221 1031 4281 Porro
1052 4232 1180 4282 exeunte
1202 4241 1267 4281 ora·

165 4319 246 4378 tione
265 4320 463 4378 memorantui
475 4316 578 4376 Dionis
592 4336 637 4377 res
650 4315 776 4377 feiiciter
790 4327 882 4395 gestes
897 4325 1000 4375 contra
1014 4314 1190 4395 Dionysium
1204 4314 1266 4393 Ty-

164 4430 299 4484 rannum,
310 4412 429 4491 sgitatoe
442 4410 501 4469 illae
514 4410 631 4491 quidem
647 4410 724 4470 circa
735 4410 856 4490 Olymp.
866 4408 947 4470 CVI.
959 4407 1095 4478 mediam,
1106 4408 1146 4465 ita
1160 4416 1265 4476 utnon

167 4503 298 4566 dubitem
322 4504 526 4585 pronunciare,
554 4502 847 4567 Hahcamassensem
868 4500 1038 4582 ipsissimam
1058 4508 1177 4559 aetstem
1198 4497 1266 4558 teti-
