3000 4925
182 317 264 401 392
507 325 949 399 raro.ruo.w0ar11
1058 373 1063 380 .
1112 399 1118 407 ,

183 492 286 574 quaid
302 491 350 556 ille
363 493 429 565 alia,
444 513 533 572 qnam
553 493 682 574 syndici,
698 493 930 572 persoaaincere
944 493 1086 573 potuerit,
1100 492 1178 552 haud
1194 491 1280 552 facile

181 587 317 648 dixerim.
358 586 519 648 Pervellem
531 585 662 666 quidem,
673 587 738 646 haeo
749 596 780 646 et
792 587 850 647 alia
864 586 1002 667 qaedam
1013 586 1189 646 auctoritate
1198 595 1281 646 certa

184 680 292 740 firmari
312 689 447 759 possent:
473 699 573 740 verum
592 680 643 739 ubi
661 680 709 740 illa
722 679 876 752 defecerit,
892 679 1096 758 quid-vetabit
1117 677 1279 738 modestam

182 772 272 834 fidem
287 771 466 849 conjecturis
480 771 639 832 habuisset
745 825 748 831 .

224 866 376 924 Hactenus
397 863 555 924 scribendo
576 884 610 926 en
629 885 695 925 sum
714 866 900 944 potissimum
914 871 1045 936 secutas,
1060 882 1129 942 qaae
1147 863 1187 924 ad
1200 864 1280 922 hanc

183 958 354 1036 Leptiueam
370 975 502 1017 caussam
517 958 622 1035 partim
641 957 844 1018 illustrandam
864 957 971 1028 valere,
985 955 1091 1035 partim
1105 955 1181 1016 disci
1194 976 1231 1016 ex
1244 973 1281 1014 ea

182 1057 302 1128 queant.
345 1050 413 1109 Non
425 1049 615 1127 negligendus
629 1059 728 1110 tumen
739 1051 826 1110 nobis
839 1058 885 1109 est
896 1049 1016 1126 insignis
1030 1050 1114 1108 loeus
1128 1046 1279 1106 Orationis

183 1144 213 1200 in
227 1142 433 1214 Timocratem,
453 1141 508 1200 sub
529 1141 606 1200 idem
627 1150 744 1221 tempus
765 1143 804 1202 ub
825 1142 929 1202 eodem
943 1141 1071 1200 Oratore
1090 1139 1280 1221 conscriptae,

183 1236 238 1313 qui
259 1243 305 1294 est
328 1235 365 1294 de
387 1253 484 1293 annua
503 1253 627 1294 censura
651 1235 745 1311 legum
776 1234 807 1292 in
831 1234 959 1311 Republ.
980 1234 1114 1305 latarum,
1133 1242 1223 1311 atque
1248 1233 1281 1292 ia

185 1329 351 1388 universum
376 1326 415 1385 de
434 1345 574 1385 novarum
597 1327 784 1386 serendarum
806 1325 902 1385 modis
926 1325 1041 1386 solenni
1065 1345 1123 1384 usa
1139 1325 1281 1403 'receptis

185 1419 245 1498 Sed
264 1438 299 1478 ne
311 1418 426 1497 longior
439 1419 503 1488 sim,
521 1417 635 1478 omissis
651 1417 786 1477 omnibns
800 1418 846 1488 iis,
862 1437 931 1495 qua
944 1437 980 1476 ex
993 1417 1131 1477 doctrina
1142 1416 1281 1494 Antiqui-

185 1520 277 1570 tatum
290 1513 462 1569 Graecarum
473 1510 587 1569 lecturo
596 1509 661 1586 jam
673 1509 787 1588 pridem
797 1510 960 1570 innotuisse
970 1509 1091 1584 debent,
1100 1518 1134 1570 nt
1147 1508 1196 1568 illa
1210 1519 1281 1569 sant

184 1603 223 1664 de
237 1603 381 1682 ecclesiis,
392 1602 430 1661 de
442 1593 622 1680 prytaaeis‚'
636 1602 673 1661 de
688 1603 876 1682 Prytanibas,
889 1602 928 1662 de
939 1602 1095 1671 Proedris;
1107 1601 1218 1661 nudum
1232 1621 1283 1662 ex·

186 1715 316 1774 promam
332 1696 430 1755 locum
444 1695 547 1754 Latine
562 1695 745 1755 translatum.
775 1695 876 1756 Habet
888 1695 913 1753 is
921 1693 1019 1774 plures
1029 1695 1108 1773 leges
1116 1704 1168 1754 ant
1180 1693 1281 1772 potius

184 1789 349 1868 fragmenta
363 1787 470 1865 leg'um,
484 1787 524 1846 ita
539 1795 633 1846 totum
647 1788 781 1848 ordinem
801 1790 843 1847 rei
859 1787 906 1848 ob
925 1787 1028 1846 oculos
1049 1788 1231 1865 ponentium,
1246 1795 1282 1846 ut

183 1879 256 1958 ipsae
277 1898 331 1939 uos
351 1877 568 1939 commentandi
590 1877 692 1940 labore
712 1879 863 1941 liberent.¹
903 1878 982 1938 Sunt
999 1889 1097 1940 autem
1117 1897 1161 1938 eoe
1183 1879 1281 1956 liuius

185 1971 286 2032 arodi:

226 2064 343 2123 Priasae
361 2069 518 2142 prytanea
537 2062 688 2124 andecimo
708 2063 759 2124 die
780 2066 851 2144 (qai
872 2064 934 2126 dics
953 2063 1029 2125 ideas
1049 2071 1092 2124 cst
1110 2063 1281 2150 poderim

180 2158 277 2236 prisii
290 2159 405 2232 mensis,
422 2155 695 2230 Hecatamlraeanis)
709 2158 741 2216 in
755 2155 884 2229 ecelesia,
896 2164 965 2235 post
976 2156 1281 2236 proeconiasoicnnens

181 2250 380 2329 precationem
394 2249 549 2327 Prytanes
567 2247 608 2308 ad
621 2247 774 2329 Populum
794 2253 946 2328 resonata
963 2248 999 2309 de
1019 2247 1145 2328 legibus,
1162 2267 1282 2328 mnaqrsc

186 2345 218 2403 in
231 2343 415 2424 suffragium
426 2344 589 2410 mittuntur
600 2344 698 2422 prima
710 2341 772 2402 lara
783 2341 820 2402 de
831 2344 881 2414 iis,
892 2361 958 2421 qaoe
968 2343 1122 2419 pertinent
1135 2339 1177 2400 ad
1191 2339 1279 2400 Sesa-

187 2446 250 2498 tarn
265 2439 514 2518 Quingentaruas‚
529 2435 654 2495 seranda
674 2435 709 2495 da
729 2437 778 2508 iis,
800 2455 867 2515 qaoe
879 2435 920 2497 ad
935 2435 1089 2513 Rempalrt
1102 2437 1280 2513 uniuersam,
1297 2459 1302 2467 ’

186 2532 286 2601 tertio,
307 2549 373 2609 quea
386 2528 427 2588 ad
446 2548 543 2587 navem
557 2528 731 2599 Archontes,
744 2526 879 2607 deniqne,
897 2548 963 2607 qaae
983 2528 1024 2589 ad
1042 2527 1170 2606 reliquos
1189 2531 1284 2607 aragi-

187 2628 312 2681 stratus.
354 2620 407 2679 Ita
426 2626 522 2679 autem
542 2618 596 2677 loa
605 2616 677 2697 fita,
692 2625 725 2677 ut
740 2619 776 2679 dc
794 2619 924 2699 singulis
935 2618 1093 2699 generibus
1105 2618 1204 2697 legatas
1218 2619 1283 2677 Pa·

183 2714 279 2793 palas
297 2715 331 2772 ia
351 2710 533 2791 suffragium
553 2710 646 2771 eundo
660 2711 799 2771 decerunt
819 2721 888 2772 ante
906 2714 1014 2781 omnia,
1030 2718 1132 2770 airuns
1150 2708 1282 2789 quodqse

186 2800 326 2886 sufficiat,
353 2824 393 2864 an
417 2804 523 2863 ninas.
567 2802 659 2881 Cujus
682 2806 853 2883 rogationis
873 2803 949 2865 ideas
970 2802 1061 2881 plane
1084 2802 1186 2861 nodas
1209 2810 1282 2873 esto,

188 2900 263 2960 idern
276 2896 360 2967 ardo,
379 2916 459 2977 quem
474 2896 505 2955 in
524 2894 646 2974 reliquis
660 2896 869 2974 rogationibus
883 2894 959 2975 legas
974 2900 1136 2955 sanxmunt
1149 2896 1281 2974 antiqni-

189 3000 237 3051 tus
250 2992 332 3053 latoe.
1259 3002 1265 3009 ·

230 3084 265 3143 Si
276 3083 416 3163 quasdam
429 3082 525 3162 legam
539 3088 722 3159 receptarunt
738 3079 875 3157 Papulas
887 3078 1043 3158 repudiari
1046 3080 1186 3157 jusserit,
1198 3078 1282 3157 Pry-

190 3188 281 3251 tanis,
296 3176 330 3237 id
343 3178 483 3255 temporis
496 3194 612 3233 orauere
617 3174 794 3253 jungentes,
806 3173 992 3251 procidente,
1007 3180 1041 3231 ut
1055 3170 1090 3231 de
1105 3174 1144 3232 iis
1157 3170 1283 3252 legiler,

187 3292 260 3352 quas
270 3272 364 3348 majas·
372 3268 671 3347 parssuffragioram
680 3265 873 3344 repudiassit,
883 3257 916 3325 in
930 3268 1021 3325 tertia
1031 3264 1150 3326 ecclesia
1158 3265 1282 3327 meilis

188 3368 328 3423 ineantur
336 3382 348 3428 ,·
369 3368 396 3419 et
409 3359 541 3419 Praedri
551 3358 665 3437 quidem
679 3361 740 3436 ejas
756 3360 855 3417 tertioe
864 3358 993 3418 ecclesia
1002 3366 1073 3436 post
1083 3376 1168 3418 sacra
1182 3358 1282 3437 artique

222 3550 238 3577 't
251 3542 325 3589 Unum
337 3540 380 3585 lrac
399 3538 476 3600 placat
486 3537 611 3584 subnatare
629 3538 659 3585 ds
674 3554 725 3601 aea·
749 3534 871 3585 lunaelac.

189 3606 289 3661 emanso,
301 3606 361 3667 quad
373 3620 389 3651 a
397 3603 504 3665 Taylora,
513 3601 615 3661 Auguria
631 3608 655 3649 st
671 3602 724 3649 aliis
782 3602 855 3648 1Νοο
873 3602 957 3649 Groeaa
966 3601 1084 3662 subjicere
1094 3619 1164 3666 opas,
1183 3620 1236 3667 qaas
1245 3606 1280 3653 ls·

189 3686 310 3735 perperam
318 3670 426 3725 traditur,
438 3667 529 3714 tametsi
542 3668 590 3727 jam
602 3666 657 3712 olim
669 3682 725 3713 scra
749 3673 834 3724 gantae
844 3680 867 3726 p.
880 3670 936 3714 706.
955 3668 993 3713 ed.
1008 3668 1040 3713 li.
1063 3668 1102 3714 abi
1117 3670 1178 3715 coni.
1199 3672 1279 3717 Seirai.

190 3739 303 3783 docuerat
314 3736 393 3795 Sigon.
405 3734 435 3780 de
448 3732 479 3778 n.
491 3732 519 3779 Δ.
531 3731 567 3777 11.
579 3735 603 3778 4.
615 3740 639 3777 et
655 3731 723 3793 impr.
748 3731 786 3776 Ad
801 3746 828 3777 ea
845 3732 934 3791 primas
943 3732 1056 3791 Tayloras
1073 3732 1131 3779 bsao
1140 3734 1230 3790 docuit,
1241 3750 1282 3783 rs·

190 3801 372 3861 partepart.
404 3798 432 3847 Ia
448 3797 530 3845 deasm
547 3795 672 3858 npnsraise
690 3796 723 3841 ai·
748 3793 833 3841 riarum
844 3802 931 3842 tantam
948 3796 1026 3857 legam
1045 3802 1125 3857 partes
1141 3798 1281 3848 aionien

190 3864 245 3911 silis
256 3879 328 3911 annas
336 3863 464 3911 Atticorum
475 3860 567 3909 disiaas
579 3866 637 3915 erat,
645 3874 723 3907 unma-
747 3858 807 3913 dari,
823 3859 964 3921 compositas
981 3874 1024 3923 pra
1045 3861 1143 3908 asadia
1163 3877 1216 3919 sao,
1234 3878 1281 3911 aas

189 3944 303 3989 quamque
320 3931 352 3975 35
372 3928 470 3981 dieram,
486 3924 601 3973 diuisione
620 3938 722 3971 meassra
747 3936 816 3969 anana
826 3923 902 3985 legana
917 3932 942 3971 et
953 3925 1093 3972 aaatiaaaaa.
1125 3926 1156 3972 ld
1167 3928 1280 3975 rera'cla·

189 3992 253 4039 saris
269 3992 430 4039 intersecante.
463 3988 554 4036 llalsait
570 3996 647 4035 antam
670 4002 722 4052 ην-
746 3986 1120 4051 riasimeipseiaaait,noasipssr
1134 3992 1281 4052 promittens,

188 4056 261 4104 cassis
279 4070 377 4117 qaaeqas
398 4061 415 4104 4
440 4054 552 4101 ecclesias
577 4050 656 4115 mbr,
673 4052 721 4103 i.c.
746 4051 881 4111 sedrlpmc.
903 4052 1279 4109 Aliadabitatiosst.aaoasaiaa

188 4130 258 4169 statas
273 4134 315 4167 ssa
326 4120 453 4166 malinariae
470 4130 565 4179 quarata
578 4118 653 4177 prima
662 4116 722 4164 inci·
745 4116 780 4162 ita
796 4116 873 4165 locans
891 4116 945 4177 ipss
958 4117 1212 4179 consignaturum
1222 4120 1281 4184 tagi·

188 4184 292 4235 debatia
310 4184 371 4231 diem
392 4188 432 4239 11,
447 4183 549 4229 secunda
567 4180 722 4237 in20,tsrtia
746 4180 817 4241 gitur.
849 4180 926 4228 Nimis
937 4196 1001 4242 sepe
1015 4182 1039 4228 in
1051 4183 1104 4229 istis
1113 4184 1216 4245 publicis
1226 4185 1280 4233 lite·

189 4250 212 4299 ia
224 4254 265 4306 30,
276 4256 357 4310 quarta
372 4246 396 4295 ia
417 4248 450 4295 33
469 4241 604 4307 ngvaasalac.
638 4245 721 4305 ltaqas
745 4245 787 4300 ris,
796 4246 858 4307 apud
869 4248 981 4293 Oratores
991 4246 1095 4301 insertis.
1114 4250 1189 4295 serior
1198 4264 1280 4297 acuas

188 4315 229 4377 qni
240 4323 287 4363 tres
298 4322 385 4360 tantum
406 4310 517 4357 ecclesias
535 4318 663 4364 numerant.
680 4310 723 4357 lal-
746 4307 860 4356 lactarara
883 4308 942 4357 nihi
973 4309 1066 4359 sidstar
1092 4320 1197 4372 grassata
1215 4328 1280 4373 nae,

188 4376 303 4425 lantaria
320 4390 358 4431 eo,
369 4375 430 4437 quad
447 4370 722 4436 smanisrcoal'nadaat
744 4372 916 4434 interpolanda,
931 4374 1048 4428 addenda,
1062 4375 1213 4425 datnbsado.
1250 4378 1280 4425 Ia

188 4458 241 4491 caca
261 4440 388 4490 mensibus.
433 4438 530 4487 lieotias
550 4436 660 4483 hsctcaus
678 4438 721 4485 Ill·
745 4436 934 4499 interpretatione
958 4452 1011 4485 nasa
1036 4438 1138 4501 deniqne
1170 4440 1280 4491 adscissi

187 4508 249 4569 pisa.
262 4506 292 4557 ad
303 4510 321 4561 §-
328 4506 366 4553 st.
382 4504 441 4569 τρεῖς
451 4500 538 4563 ipim
553 4498 647 4549 taam
657 4501 722 4563 μιῆς
744 4500 848 4562 priscam
858 4516 987 4551 samam
998 4502 1114 4554 latiam
